2850 4450
290 433 346 484 51

297 1530 440 1581 52.

393 245 476 309 52
1085 247 1354 304 LAELIUS
1389 249 1474 304 DE
1511 245 1815 304 AMICITIA.

395 425 571 496 fecto,
617 421 666 484 si
696 439 728 482 a
762 420 999 484 caritate
1030 421 1186 501 vulgi
1217 419 1582 484 abhorreret.
1651 423 1844 501 Atque
1886 421 2061 483 etiam
2104 421 2245 484 mihi
2291 423 2527 500 quidem

393 507 683 580 vident-ur,
729 506 832 586 qui
875 507 1191 570 utilitatum
1225 523 1401 570 causa
1431 508 1667 588 fingunt
1698 506 2003 579 amicitias,
2047 505 2529 570 amabilissimum

396 592 615 654 nodum
676 591 965 654 amicitiae
1020 593 1247 655 tollene.
1335 591 1469 654 Non
1530 591 1690 654 enim
1742 600 1860 655 tam
1919 591 2137 654 utilitas
2196 600 2361 673 parta
2420 612 2531 674 per

395 677 646 740 amicum
692 694 867 757 quam
912 677 1082 739 amici
1125 694 1292 738 amor
1320 677 1447 757 ipse
1478 677 1744 751 delectat,
1790 685 2035 756 tumque
2064 677 2207 739 illud
2238 678 2325 753 fit,
2371 680 2527 758 quod

395 763 468 824 ab
513 761 702 824 amico
748 771 837 824 est
893 763 1229 843 profectum
1248 809 1265 836 ,
1320 762 1679 836 iucundum,
1736 762 1784 824 si
1831 779 1969 824 cum
2012 761 2206 824 studio
2246 770 2343 825 est
2388 782 2528 843 pro-

396 848 650 922 fectum3
712 855 1063 928 tantumque
1119 846 1315 920 abest,
1375 855 1444 908 ut
1499 847 1786 909 amicitiae
1845 856 2091 927 propter
2149 847 2526 928 indigentiam

395 933 706 1005 colantur,
768 941 834 994 ut
877 933 949 1006 ii,
1003 933 1104 1012 qui
1149 931 1360 1013 opibus
1404 943 1463 994 et
1506 932 2114 1014 copiis'maximeque
2166 932 2414 1009 virtute,
2469 934 2529 994 in

400 1035 514 1096 qua
559 1017 878 1098 plurimum
925 1027 1015 1080 est
1055 1016 1348 1097 praesidii,
1397 1017 1638 1079 minime
1684 1017 1924 1080 alterius
1954 1017 2278 1097 indigeant,
2320 1019 2533 1081 libera·

399 1102 602 1164 lissimi
647 1102 771 1164 sint
814 1110 873 1164 et
916 1101 1457 1164 beneficentissimi.
1529 1102 1722 1182 Atque
1765 1102 1935 1165 haud·
1956 1103 2134 1164 sciam
2166 1121 2241 1164 an
2277 1121 2353 1164 ne
2386 1123 2535 1185 opus

398 1187 478 1249 sit
528 1186 766 1265 quidem
818 1187 964 1249 nihil
1015 1203 1276 1267 unquam
1331 1187 1576 1249 omnino
1630 1188 1834 1250 deesse
1884 1188 2105 1250 amicis.
2207 1187 2320 1249 Ubi
2375 1190 2536 1252 enim

397 1271 590 1334 studia
637 1280 839 1334 nostra
881 1272 1223 1352 viguissent,
1267 1271 1318 1334 si
1361 1289 1671 1351 nunquam
1701 1272 1971 1348 consilio,
2017 1291 2322 1353 nunquam
2354 1292 2535 1354 opera

401 1367 602 1419 nostra
665 1375 775 1419 nec
832 1357 990 1418 domi
1050 1375 1163 1420 nec
1223 1356 1463 1420 militiae
1514 1357 1714 1438 Scipio
1774 1356 2074 1438 eguisset?
2167 1359 2297 1420 Non
2358 1358 2537 1438 igitur

400 1441 709 1504 utilitatem
754 1443 1025 1516 amicitia,
1070 1442 1170 1504 sed
1216 1441 1437 1504 utilitas
1480 1443 1792 1505 amicitiam
1836 1450 2039 1506 secuta
2083 1454 2189 1506 est.

571 1526 691 1588 XV.
751 1527 882 1589 Non
931 1545 1072 1607 ergo
1106 1536 1286 1588 erunt
1311 1527 1585 1590 homines
1615 1528 1837 1590 deliciis
1866 1528 2201 1591 diffluentes
2244 1529 2537 1601 audiendi,

403 1613 450 1674 si
505 1612 752 1691 'quando
810 1612 883 1673 de
941 1611 1224 1687 amicitia,
1276 1629 1463 1691 quam
1525 1631 1635 1675 nec
1693 1631 1805 1677 usu
1866 1631 1978 1676 nec
2036 1616 2267 1676 ratione
2324 1614 2545 1676 habent

406 1697 740 1777 cognitam,
799 1695 1201 1778 disputabunt.
1303 1696 1451 1759 Nam
1510 1699 1642 1779 quis
1700 1706 1821 1772 est,
1894 1716 2005 1778 pro
2062 1699 2310 1761 deorum
2368 1700 2543 1761 fidem

405 1791 583 1861 atque
640 1781 980 1856 hominum,
1036 1781 1139 1861 qui
1195 1782 1360 1857 velit,
1418 1790 1488 1844 ut
1548 1802 1745 1863 neque
1788 1783 1989 1863 diligat
2030 1800 2384 1862 quemquam
2432 1802 2545 1845 uec

405 1867 532 1947 ipse
589 1866 659 1928 ab
724 1866 841 1929 ullo
888 1866 1193 1948 diligatur,
1252 1867 1664 1930 circumfluere
1710 1867 1985 1930 omnibus
2028 1869 2218 1948 copiis
2260 1878 2437 1947 atque
2480 1870 2541 1928 in

472 2053 678 2103 caritas
744 2051 895 2116 vulgi
961 2050 1045 2103 die
1117 2051 1424 2120 allgemeine
1527 2052 1591 2104 IX
1618 2055 1684 2105 30
1731 2051 1822 2104 das
1865 2048 2203 2104 bescheidene
2227 2067 2301 2102 uc
2344 2068 2411 2103 ne
2446 2067 2543 2117 ego

405 2117 834 2170 Menschenliebe.
991 2183 994 2186 ὴ
1528 2119 1739 2186 quidem
1773 2118 1937 2173 iuius.

474 2188 556 2241 51.
590 2187 765 2276 Aeque
807 2189 969 2239 etiam
1006 2181 1093 2241 ‘Ja
1118 2230 1122 2235 .
1146 2201 1254 2241 was
1293 2190 1425 2242 noch
1594 2185 1720 2241 Non
1753 2189 1927 2255 igitur
1951 2178 2052 2241 ‘So
2086 2187 2155 2241 ist
2187 2186 2329 2241 nicht
2362 2215 2426 2227 --
2462 2201 2547 2255 ge-

410 2255 552 2307 mehr
585 2254 656 2307 ist
685 2292 700 2307 .
1529 2256 1600 2308 rol
1640 2246 1693 2309 t'.
1756 2254 1864 2307 Wir
1887 2255 2052 2309 haben
2078 2256 2218 2309 einer
2241 2255 2333 2309 des
2358 2256 2551 2309 andern

1533 2325 1597 2377 he
1634 2323 1754 2388 urst,
1788 2322 1891 2376 und
1926 2324 2067 2377 einer
2095 2324 2211 2378 dem
2236 2324 2424 2377 andern
2448 2324 2556 2377 bei-

1534 2392 1840 2460 gestandenz
1859 2392 1993 2447 doch
2009 2394 2078 2446 ist
2097 2393 2187 2446 aus
2194 2392 2371 2445 solche
2383 2392 2555 2445 Weise

473 2323 775 2375 utilitatum
809 2338 972 2375 causa
1021 2339 1084 2377 zu
1128 2328 1426 2379 amicitias:

405 2408 471 2445 zu
492 2391 512 2444 l
537 2394 567 2444 3
597 2392 910 2455 (sermonem
933 2392 998 2443 de
1033 2396 1291 2459 anticitz'a)
1324 2393 1429 2446 und

409 2457 473 2511 Vl
493 2462 557 2513 20
576 2462 716 2524 (cum
735 2460 1104 2528 benevolentia,
1117 2464 1430 2528 consensio).

476 2528 696 2593 fingunt
727 2527 995 2580 silschlich
1031 2529 1334 2583 annehmen.

475 2595 676 2647 nodum
693 2594 1080 2664 Verlmnpl'ung,
1119 2596 1432 2664 nusgesuch·

411 2670 489 2715 ter
524 2662 601 2715 als
639 2664 927 2717 vinculum.

470 2729 775 2798 profect-um
807 2730 1191 2783 sinnverwandt
1214 2730 1306 2783 mit
1328 2734 1432 2782 tn·-

410 2801 611 2853 butum.
671 2798 802 2866 Nep.
830 2797 1104 2852 Atu1x4:
1143 2798 1432 2851 Volumnio

409 2883 474 2917 ea
499 2869 706 2932 tribuit,
739 2872 802 2918 ut
816 2869 982 2935 plura
1007 2883 1041 2917 a
1061 2871 1288 2934 parente
1307 2882 1434 2934 pro-

409 2935 580 2997 ficisci
612 2950 722 2987 non
749 2939 1046 3001 potuerint.

478 3005 666 3069 opibus
695 3003 903 3055 Ablativ
927 3003 1018 3056 des
1041 3001 1276 3055 Grundes
1299 3003 1433 3067 (vet-

411 3074 596 3138 mose).

479 3155 612 3205 opus
641 3141 716 3191 eit
759 3154 814 3191 es
848 3130 1050 3191 ‘wire’
1087 3143 1204 3205 gut,
1241 3137 1340 3205 εἰς.
1376 3154 1433 3191 es

416 3208 551 3259 wiire
587 3212 750 3260 etwas
775 3208 856 3259 ins
881 3206 1040 3260 Werk
1111 3209 1276 3260 esetzt
1300 3206 1438 3259 oder

414 3275 773 3341 ausgerichtet.
844 3274 996 3328 Tusc.
1030 3274 1070 3327 ll
1105 3276 1209 3338 -29,
1238 3276 1301 3327 73
1349 3273 1434 3327 Ne

414 3343 705 3407 optandum
739 3343 952 3409 quidem
986 3348 1064 3394 ost
1087 3346 1146 3394 in
1170 3345 1431 3395 amicitia.

485 3409 584 3465 Ubi
607 3402 823 3464 ‘werin’
859 3410 1001 3463 hatte
1035 3410 1146 3463 sich
1181 3410 1265 3463 die
1288 3410 1433 3462 Kraft

413 3489 622 3531 unserer
669 3480 1091 3545 (gegenseitigen)
1139 3478 1293 3531 Liehe
1342 3479 1433 3531 be·

415 3546 644 3613 thitigen
681 3545 904 3601 konnen.

465 3629 646 3681 opera
702 3620 888 3667 nostra
922 3642 993 3654 —
1027 3614 1228 3681 Scipio.
1311 3612 1433 3666 Dats

413 3684 543 3743 auch
592 3698 647 3735 er
688 3682 956 3735 bisweileu
1003 3682 1093 3735 des
1127 3681 1283 3735 Rates
1326 3680 1432 3736 und

414 3751 504 3804 der
540 3750 836 3818 Thfitigkeit
881 3751 972 3804 des
1003 3748 1180 3817 Scipio
1225 3748 1433 3803 bedul-ft

417 3819 564 3882 habe,
599 3819 776 3885 glaubt
799 3819 967 3872 Lilius
1005 3818 1144 3871 nicht
1178 3823 1283 3871 eret
1318 3831 1434 3873 ver·

416 3886 614 3939 sichern
653 3902 717 3939 zu
740 3886 937 3941 durren.
995 3884 1114 3939 Man
1140 3884 1430 3954 vergleiche

1535 2458 1677 2513 nicht
1710 2474 1841 2513 usw.
1912 2460 2030 2528 Vgl.
2064 2460 2131 2513 lx
2156 2463 2223 2516 30
2257 2476 2305 2513 a.
2328 2460 2385 2516 E.

1600 2527 1711 2583 XV.
1735 2531 1818 2583 52.
1842 2529 2052 2581 deliciis
2075 2529 2398 2593 diffluentes.
2436 2530 2555 2582 Eine

1536 2598 1808 2664 ungemein
1829 2597 2025 2649 weiche
2045 2595 2409 2663 Allitteration,
2435 2597 2557 2649 wel·

1536 2665 1631 2717 che
1666 2664 1826 2719 durch
1860 2665 1970 2717 ihre
2006 2664 2295 2719 Welchheit
2330 2665 2557 2717 versinu-

1535 2732 1691 2797 licht,
1729 2734 1830 2786 wie
1864 2736 1998 2785 vicit
2028 2736 2236 2785 viribus
2272 2734 2305 2797 ς
2330 2736 2394 2787 55
2430 2732 2555 2798 (ng.

1535 2803 1594 2851 vi
1626 2802 1767 2853 victa
1802 2804 1884 2851 vis
1919 2814 1969 2865 p.
1993 2798 2100 2852 Mil.
2137 2800 2203 2852 XI
2240 2802 2334 2863 30,
2367 2800 2433 2863 fit
2463 2801 2557 2851 via

1536 2871 1593 2919 vi
1625 2869 1753 2921 Aen.
1774 2868 1816 2919 ll
1839 2870 1959 2930 494)
1995 2867 2152 2920 durch
2188 2867 2557 2936 eindringliche

1538 2935 1681 2989 Kraft
1716 2934 1818 2987 und
1854 2934 2078 2987 Schirl'e.

1602 3018 1701 3055 noc
1732 3018 1835 3055 mu
1867 3018 1964 3056 mc
1996 3006 2237 3070 ratione,
2281 3003 2331 3056 d.
2368 3003 2417 3056 h.
2452 3019 2557 3057 von

1538 3069 1759 3122 welcher
1791 3070 1868 3131 sie
1903 3069 2077 3123 weder
2112 3072 2225 3124 eine
2297 3071 2557 3125 raktische

1535 3138 1669 3191 noch
1705 3138 1820 3191 eine
1867 3138 2211 3192 theoretische
2290 3138 2557 3193 rkenntnis

1536 3206 1783 3259 besitzen.

1602 3274 1662 3327 d·
1722 3278 1957 3328 vetabunt
1999 3274 2127 3328 wird
2162 3275 2231 3328 im
2267 3274 2556 3329 Deutschen

1535 3340 1627 3395 das
1704 3343 1906 3396 risensz
1944 3342 2119 3397 V1124
2150 3346 2200 3395 si
2236 3344 2522 3400 uidebitur.

1596 3426 1701 3477 pro
1735 3412 1959 3464 deorum
1990 3412 2150 3475 fidem
2196 3416 2356 3478 atquo
2389 3412 2557 3461 homi-

1534 3494 1665 3530 num
1718 3479 1801 3534 bei
1853 3480 1943 3533 der
1984 3477 2414 3544 Wahrhaftigkeit
2466 3478 2557 3531 der

1536 3545 1717 3605 Gotter
1752 3553 1886 3601 saint
1908 3546 1998 3601 der
2021 3545 2110 3598 der
2132 3544 2407 3599 menschen
2440 3547 2559 3611 (wir

1537 3613 1689 3667 kurz:
1745 3604 2143 3680 ‘wahrhal'tig'),
2195 3611 2279 3666 die
2332 3614 2422 3666 aul·
2471 3614 2556 3666 die

1536 3682 1909 3749 nachfolgende
1943 3682 2104 3748 Frage
2148 3697 2241 3735 nur
2280 3681 2395 3735 eine
2434 3682 2557 3734 Ant·

1536 3755 1671 3804 wort
1705 3751 1869 3817 gehen
1905 3748 2057 3802 kann.

1542 3858 1550 3865 .
1600 3824 1747 3877 κιε-
1765 3835 1828 3871 ea
1865 3818 1978 3884 lege
2002 3816 2125 3871 oder
2148 3834 2211 3869 oa
2248 3818 2558 3871 condicione

1534 3892 1610 3952 ut,
1646 3888 1738 3939 mit
1763 3885 2039 3953 Negation:
2078 3885 2213 3940 ohne
2248 3902 2327 3941 zu.
