2850 4450
1169 239 1280 297 xm
1302 241 1576 298 ⁴18-le
1598 246 1685 299 50.
2411 243 2490 306 51

359 413 568 492 rebus,
614 422 680 478 ut
723 414 984 488 honore,
1028 423 1095 476 ut
1136 415 1353 495 gloria,
1396 424 1465 478 ut
1507 415 1793 491 aedificio,
1840 424 1907 478 ut
1947 415 2161 478 vestitu
2208 416 2491 498 cultuque

359 500 644 581 corporis,
690 499 989 561 animante
1031 500 1245 562 virtute
1289 501 1589 581 praedito,
1635 519 1719 570 eo,
1752 501 1853 580 qui
1896 501 1988 563 vel
2030 517 2226 564 amare
2268 503 2379 577 vel,
2426 512 2492 566 ut

356 585 434 647 ita
481 586 703 659 dicam,
763 583 1066 646 redamare
1118 585 1330 665 possit,
1391 604 1516 647 non
1571 584 1887 655 admodum
1918 585 2296 650 delectari‘I·
2330 587 2489 651 Nihil

354 680 446 733 est
488 670 648 732 enim
696 670 1186 732 remuneratione
1230 669 1892 746 benevolentiae‚-.nibil
1933 671 2334 734 vicissitudine
2362 681 2487 736 stu-

353 755 586 817 diorum
631 755 1077 834 ol'flciorumque
1107 755 1446 818 iucundius.
1506 754 1704 828 Quid?
1746 756 1795 820 si
1825 755 1971 818 illud
2001 756 2175 818 etiam
2204 756 2487 835 addimus,
2532 769 2590 821 ω

352 839 516 920 quod
555 849 719 903 recte
767 839 898 901 addi
943 848 1157 920 potest,
1203 839 1352 902 nihil
1395 859 1545 916 esse,
1590 841 1754 920 quod
1794 842 1865 902 ad
1909 859 1972 903 se
2000 859 2127 903 rem
2156 842 2335 904 ullam
2365 852 2485 906 tam

350 924 564 987 alliciat
607 933 667 987 et
709 933 828 986 tam
856 925 1050 987 trahat
1084 943 1260 1005 quam
1289 925 1364 986 ad
1393 925 1707 988 amicitiam
1738 925 2078 1001 similitudo,
2124 928 2485 1000 concedetur

348 1010 616 1089 profecto
674 1027 880 1073 verum
938 1029 1098 1084 esse,
1158 1018 1225 1072 ut
1279 1008 1476 1074 bonos
1532 1010 1677 1074 boni
1736 1011 1981 1093 diligant
2038 1011 2482 1094 adsciscantque

346 1093 459 1157 sibi
505 1096 669 1174 quasi
724 1094 1168 1176 propinquitate
1225 1096 1581 1159 coniunctos
1638 1106 1815 1176 atque
1878 1104 2105 1158 natura.
2191 1097 2350 1160 Nihil
2392 1107 2483 1161 est

345 1179 502 1242 enim
529 1179 907 1261 appetentius
932 1180 1210 1242 similium
1240 1181 1333 1244 sui
1363 1200 1479 1243 nec
1507 1182 1777 1262 rapacius
1801 1199 1977 1262 quam
2002 1189 2229 1245 natura.
2289 1182 2481 1256 Quam

343 1262 420 1326 ob
463 1283 592 1328 rem
634 1266 751 1328 hoc
796 1265 1070 1346 quidem,
1113 1265 1304 1328 Fanni
1350 1275 1410 1328 et
1453 1266 1758 1341 Scaevola,
1818 1275 2083 1343 constet,
2135 1276 2202 1330 ut
2245 1268 2479 1348 opinor,

341 1348 515 1414 bonis
560 1352 719 1413 inter
773 1349 967 1413 bonos
1011 1350 1177 1430 quasi
1235 1352 1629 1414 necessariam
1681 1350 2183 1428 benevolentiam,
2243 1353 2345 1432 qui
2388 1362 2481 1416 est

343 1435 633 1497 amicitiae
677 1436 815 1496 fons
857 1453 892 1496 a
935 1442 1148 1497 natura
1193 1436 1569 1498 constitutus.
1658 1436 1774 1498 Sed
1803 1436 2008 1498 eadem
2038 1435 2275 1500 bonitas
2302 1437 2477 1500 etiam

338 1518 408 1580 ad
468 1518 908 1581 multitudinem
965 1519 1243 1601 pertinet.
1342 1520 1478 1582 Non
1546 1519 1705 1582 enim
1765 1528 1855 1582 est
1912 1521 2235 1583 inhumana
2291 1523 2476 1586 virtus

344 1621 542 1682 neque
585 1603 866 1666 immunis
908 1623 1104 1684 neque
1147 1603 1424 1686 superba,
1470 1622 1621 1685 quae
1665 1605 1841 1668 etiam
1884 1606 2141 1687 populos
2168 1607 2477 1671 universos

335 1687 489 1750 tueri
534 1688 738 1768 eisque
783 1689 1006 1769 optime
1052 1690 1365 1753 consulere
1421 1690 1639 1766 soleat;
1697 1691 1857 1770 quod
1902 1709 2027 1754 non
2073 1692 2290 1755 faceret
2331 1711 2474 1774 pro-

1518 1903 1704 1943 cerum
1756 1908 1865 1944 om
1914 1897 1981 1944 ut
2030 1892 2114 1948 die
2162 1892 2471 1962 Richtigkeit

1450 1959 1541 2012 der
1574 1957 1876 2013 Thatsaclie.

1516 2027 1920 2096 adsciscantque
1941 2030 2048 2081 sibi
2070 2027 2179 2082 sich
2204 2028 2465 2084 dieselben

1446 2111 1509 2149 zu
1546 2095 1695 2163 eigen
1730 2095 2011 2180 (diesellien
2036 2112 2113 2178 zu·
2125 2097 2225 2150 den
2246 2098 2465 2167 inrigen)

1444 2163 2467 2291 &3232‘vitissimsstzssffissssssat

1442 2300 1517 2354 Zu
1529 2304 1939 2367 propinquitate
1957 2306 2118 2367 atquo
2136 2307 2336 2355 natura
2356 2304 2463 2371 vgl.

1441 2371 1503 2421 in
1536 2384 1639 2419 usu
1671 2370 1895 2435 vitaque
1929 2373 2196 2422 communi
2231 2367 2276 2420 V
2301 2373 2383 2424 18.

1507 2451 1769 2505 similium
1824 2452 1999 2507 Neutr.
2058 2454 2162 2506 wie
2221 2457 2465 2507 omnibus

1441 2517 1530 2571 Vll
1555 2521 1637 2572 23.
1674 2518 2001 2586 coniunctim
2036 2520 2078 2575 11
2106 2523 2154 2575 8.

1510 2590 1663 2641 bonis
1719 2590 1864 2640 inter
1920 2592 2085 2642 bonos
2141 2588 2455 2643 nachdn'ick·

1440 2654 1601 2708 licher
1634 2656 1713 2709 als
1748 2658 1902 2709 bonis
1922 2660 2069 2710 inter
2087 2674 2143 2709 ee
2166 2657 2291 2711 oder
2312 2660 2459 2711 inter·

1440 2725 1604 2775 bonos
1635 2723 1807 2779 allein.

1504 2795 1875 2846 mmm-iam.
1951 2792 2059 2847 Nur
2110 2792 2193 2846 die
2238 2791 2457 2861 Kopula,

1438 2860 1583 2913 nieht
1605 2859 1699 2913 das
1720 2859 1965 2915 Pridikat
1988 2862 2121 2927 (esso
2142 2860 2455 2915 alsVerbum

1439 2927 1530 2981 der
1548 2927 1837 3047 dExistenz)
1878 2928 2077 2983 konnte
2124 2930 2455 2996 nusgelnssen

1441 3011 1549 3049 wer
1582 3010 1663 3049 en.

1510 3067 1605 3130 qui
1638 3068 1716 3115 ost
1746 3062 2038 3117 Attraktion
2074 3063 2166 3117 des
2198 3063 2353 3117 Pron.

398 1893 462 1940 ut
494 1889 697 1942 honore
716 1890 936 1957 (iussere
959 1889 1127 1958 Elii-e),
1150 1897 1212 1943 ut
1228 1890 1348 1958 glo·-

327 1959 432 2023 nu,
456 1957 651 2010 sodann
675 1964 740 2010 ut
763 1958 1012 2021 aedificio
1037 1959 1344 2026 (kollektiv),

330 2030 392 2077 ut
413 2028 608 2078 vatim
631 2027 884 2094 cultuque
905 2026 1203 2094 (Schmuck)
1227 2044 1344 2080 eor-

322 2096 475 2159 poris
486 2094 709 2161 gehoren
730 2095 1014 2163 paarweise
1031 2110 1344 2152 zusammen.

391 2194 452 2232 eo
489 2181 611 2246 qui:
643 2171 717 2232 ‘ie
763 2171 881 2247 qui'
917 2179 1059 2236 dient
1092 2181 1202 2235 hier
1235 2177 1341 2235 und

321 2245 388 2298 Ν
416 2250 477 2301 15
513 2248 593 2312 (id
622 2251 682 2300 in
717 2248 846 2318 quo)
892 2264 982 2303 zur
1020 2249 1340 2307 nachdrnck-

323 2312 492 2367 lichen
527 2314 925 2383 Hervorhebnng
971 2318 1111 2370 einer
1152 2318 1339 2372 beson-

323 2380 479 2435 deren
504 2381 644 2435 Seite
678 2383 768 2437 des
802 2384 1027 2437 dadnrch
1062 2386 1218 2438 niiher
1251 2386 1340 2437 be-

323 2449 582 2504 stimmten
617 2450 883 2518 Begrifl'es.
951 2438 1170 2505 Ahnlieh
1206 2450 1340 2506 xxn

325 2520 392 2571 82
449 2521 519 2569 iis
576 2521 792 2585 quibem
862 2518 1044 2572 anders
1107 2520 1339 2587 dagegen

321 2584 479 2639 xvm
501 2588 568 2640 65
602 2590 734 2651 eim,
769 2602 946 2654 quam.

391 2677 454 2724 ue
484 2674 568 2725 ita
601 2672 793 2740 dicam,
828 2673 1010 2725 vomit
1045 2672 1219 2726 Cicero
1255 2672 1338 2725 die

319 2739 543 2793 Nenlieit
575 2740 668 2794 des
688 2738 895 2793 Wortes
925 2741 1207 2792 redamare
1231 2745 1339 2793 ent·

323 2808 610 2875 schuldigt‚
654 2811 790 2863 muts
823 2808 892 2861 im
929 2808 1221 2862 Deutsehen
1254 2809 1339 2862 bei

321 2870 734 2930 ‘wiederlieben'
791 2875 917 2931 oder
963 2869 981 2893 ‘
998 2868 1338 2944 Gegenliebe'

324 2944 597 3011 wegfallen
614 2984 630 3013 ,
676 2960 769 2999 ans
804 2944 1099 2999 demselben
1132 2944 1338 2999 Grande

319 3011 420 3063 wie
453 3010 568 3064 XIX
600 3014 666 3067 69
701 3013 784 3066 bei
815 3028 1012 3080 grego,
1047 3014 1149 3067 vie
1184 3016 1342 3081 qnasi

319 3076 510 3132 v¹1127
539 3080 619 3131 bei
644 3081 819 3133 henim
837 3076 1192 3135 ‘leuchtendes
1213 3080 1339 3135 Vor-

319 3138 456 3198 bild'
501 3146 626 3200 oder
673 3154 940 3215 tamquam
986 3149 1101 3202 XVI
1143 3154 1210 3205 59
1253 3150 1337 3203 bei

317 3229 494 3268 amas.

386 3283 690 3364 studim-,mn
724 3288 863 3335 etwa
899 3279 1018 3337 ‘des
1053 3284 1340 3353 Entgegen·

318 3350 586 3405 hominene
611 3385 627 3404 .

383 3422 470 3473 50.
522 3418 596 3471 ad
663 3420 956 3471 amicitiam
1023 3419 1337 3484 similitudo,

320 3486 461 3540 nicht
511 3486 919 3539 similitudinem
969 3487 1094 3541 oder
1139 3488 1339 3539 sinaites

317 3553 411 3617 (ad
441 3570 496 3607 so
529 3555 740 3607 alliciat
762 3558 815 3606 et
842 3556 1044 3621 ἔναλοι)
1079 3557 1339 3609 amicitia.

317 3619 466 3674 Diese
503 3622 737 3676 Wendun
808 3622 984 3678 warde
1019 3621 1335 3690 notwendig‚

317 3690 436 3741 weil
463 3689 549 3743 die
571 3690 736 3744 Frenn
771 3690 941 3745 sehaft
975 3692 1048 3758 (in
1075 3694 1338 3755 concreto)

317 3762 423 3810 erst
457 3756 612 3810 durch
657 3758 738 3811 die
771 3761 1076 3827 Anziehnng
1119 3758 1338 3812 bewirkt

315 3824 463 3890 vird,
500 3824 640 3878 nicht
674 3841 758 3878 nm
826 3828 978 3882 kelirt
1008 3829 1092 3881 die
1116 3826 1336 3880 Antich-

315 3907 421 3961 ung
455 3892 613 3947 durch
647 3893 730 3947 die
802 3896 1148 3950 renndschaft.

1520 3148 1628 3201 Sed
1682 3147 1938 3215 besegnet
2006 3146 2121 3199 dem
2180 3146 2456 3201 Bedenken

1440 3215 1519 3269 als
1564 3215 1795 3269 konnten
1833 3214 1917 3269 die
1951 3215 2063 3267 also
2094 3215 2455 3270 verbundenen

1440 3282 1607 3337 Guten
1665 3282 1776 3336 sich
1832 3283 1963 3337 nach
2032 3282 2301 3337 aursenhin
2369 3285 2458 3337 ab·

1443 3348 1734 3405 schlietsen.

1506 3422 1833 3471 inhumanus
1887 3418 1957 3471 ist
2019 3417 2302 3487 derJenige,
2366 3420 2457 3473 der

1440 3487 1582 3540 nicht
1623 3486 1854 3541 mitrahlt
1896 3488 1990 3540 mit
2034 3487 2211 3540 seinen
2255 3486 2454 3540 Nehon-

1439 3556 1713 3609 menschen
1759 3546 2225 3620 (‘unfreundlieh’),
2269 3558 2457 3607 immu-

1438 3626 1540 3688 nis,
1574 3623 1665 3677 der
1689 3638 1752 3676 zu
1775 3621 2021 3677 keinerlei
2043 3622 2287 3690 Leistunss
2320 3624 2454 3689 (mu-

1437 3705 1566 3758 nm,
1630 3694 1836 3758 munia)
1893 3692 1975 3744 rm·
2031 3691 2107 3744 sie
2168 3691 2328 3743 bei-eit
2384 3691 2454 3743 ist

1438 3752 1840 3827 (ungefillig'),
1880 3760 2163 3825 superbus,
2210 3757 2300 3811 der
2342 3758 2453 3812 sicli

1438 3828 1489 3879 in
1562 3828 1942 3881 ubertriebener
1999 3825 2455 3895 Selbstselifitzunss

1438 3896 1567 3949 fiber
1599 3896 1675 3949 sie
1710 3894 1892 3948 erhebt
1923 3885 2340 3962 (‘hochmutig').

1994 3979 2070 4034 4*
