2850 4450
392 269 476 330 72
1089 270 1357 326 LAELIIJS
1389 271 1477 326 DE
1511 269 1820 329 AMICITIA.

394 453 710 509 contentos
753 445 948 508 tenuis
988 445 1176 508 victus
1203 445 1519 524 cultusque
1547 445 1826 523 delectat,
1868 446 2131 510 honores
2174 465 2333 523 vero,
2378 467 2529 528 quo-

392 547 529 592 rum
564 529 886 610 cupiditate
915 530 1152 609 quidam
1197 527 1657 606 inflammantur,
1703 549 1882 612 quam
1924 533 2095 595 multi
2138 533 2216 595 ita
2262 542 2529 595 contem-

395 623 581 688 nunt,
627 623 698 676 ut
739 615 885 677 nihil
928 615 1194 699 inanius,
1247 615 1396 676 nihil
1442 634 1570 680 esse
1613 616 1799 680 levius
1841 617 2209 681 existimentl
2267 618 2529 696 Itemque

394 707 589 762 cetera
605 743 621 775 ,
679 717 832 780 quae
882 699 1232 780 quibusdam
1279 699 1640 763 admirabilia
1690 699 1993 779 videntur,
2055 703 2334 784 permulti
2388 711 2529 764 sunt

396 783 496 866 qui
563 799 672 865 pro
732 785 918 847 nihilo
977 794 1224 866 putent,
1284 785 1358 848 de
1417 783 1671 850 amicitia
1732 805 1938 851 omnes
1998 788 2070 850 ad
2128 806 2319 852 unum
2374 787 2525 848 idem

393 869 681 946 sentiunt,
727 879 786 932 et
827 871 886 947 ii,
933 871 1036 951 qui
1080 871 1153 932 ad
1187 887 1312 932 rem
1352 871 1652 951 publicam
1680 890 1745 934 se
1773 872 2177 956 contulerunt,
2222 884 2283 935 et
2321 872 2381 946 ii,
2426 872 2526 951 qui

393 971 596 1019 rerum
625 955 968 1036 cognitione
999 955 1388 1035 doctrinaque
1417 956 1805 1034 delectantur,
1850 966 1911 1020 et
1949 957 2012 1034 ii,
2057 959 2161 1038 qui
2206 975 2374 1021 suum
2423 976 2527 1019 ne·-

393 1041 618 1122 gotium
669 1050 888 1122 gerunt
939 1041 1149 1116 otiosi,
1202 1049 1504 1122 postremo
1555 1042 1630 1118 ii,
1685 1041 1787 1122 qui
1838 1059 1904 1105 se
1952 1050 2110 1106 totos
2161 1041 2532 1105 tradiderunt

391 1124 810 1206 voluptatibus,
861 1126 990 1189 sine
1043 1126 1295 1188 amicitia
1335 1126 1512 1188 vitam
1563 1144 1693 1190 csse
1736 1127 1978 1202 nullam,
2029 1128 2079 1190 si
2128 1127 2301 1190 modo
2346 1127 2531 1189 velint

392 1209 586 1289 aliqua
643 1228 718 1272 ex
774 1219 944 1292 parte
1002 1210 1320 1273 liberaliter
1375 1212 1588 1274 vivere.
1678 1212 1877 1292 Serpit
1932 1213 2091 1275 enim
2151 1213 2348 1275 nescio
2409 1230 2527 1291 quo

392 1294 570 1357 modo
619 1313 732 1376 per
774 1296 1042 1359 omnium
1090 1297 1236 1358 vitas
1278 1294 1549 1372 amicitia,
1602 1315 1716 1360 nec
1759 1297 1938 1359 ullam
1980 1298 2184 1360 aetatis
2226 1295 2529 1376 degendae

391 1380 682 1443 rationem
726 1381 950 1462 patitur
991 1400 1122 1444 esse
1166 1388 1470 1462 expertem
1511 1382 1623 1445 sui.
1712 1381 1869 1454 Quin
1910 1383 2086 1445 ctiam
2116 1383 2165 1445 si
2196 1381 2327 1462 quis
2356 1400 2529 1461 aspe-

391 1464 565 1527 ritate
610 1483 678 1527 ea
723 1474 813 1529 est
862 1475 923 1528 ct
953 1465 1326 1529 immanitate
1379 1475 1646 1542 naturae,
1698 1484 2056 1548 congressus
2106 1475 2174 1530 ut
2219 1467 2529 1530 hominum

394 1550 581 1631 fugiat
631 1559 809 1631 atque
859 1551 1080 1627 oderit,
1139 1551 1371 1632 qualem
1417 1552 1607 1614 fuisse
1657 1551 1903 1615 Athenis
1954 1551 2265 1615 Timonem
2328 1551 2528 1615 nescio

395 1653 571 1715 quem
625 1637 976 1717 accepimus,
1028 1646 1223 1699 tamen
1269 1637 1319 1700 is
1363 1637 1485 1717 pati
1528 1655 1651 1700 non
1706 1638 1914 1718 possit,
1964 1647 2029 1700 ut
2082 1655 2203 1701 non
2259 1638 2534 1717 anquirat

394 1720 669 1800 aliquem,
714 1721 868 1804 apud
899 1740 1080 1801 quem
1108 1731 1341 1785 evomat
1375 1723 1536 1785 virus
1577 1722 1910 1785 acerbitatis
1951 1741 2106 1789 suae.
2181 1723 2372 1803 Atque
2417 1722 2531 1784 hoc

394 1805 647 1868 maxime
689 1805 1066 1890 iudicaretur,
1110 1807 1161 1870 si
1206 1807 1346 1887 quid
1390 1807 1505 1868 tale
1546 1816 1749 1888 posset
1791 1810 2158 1890 contingere,
2211 1817 2279 1870 ut
2320 1807 2532 1887 aliquis

394 1910 507 1954 nos
552 1891 699 1954 deus
743 1909 815 1954 ex
856 1893 966 1954 hac
1008 1892 1334 1976 hominum*
1363 1888 1697 1973 frequentia
1741 1893 1979 1955 tolleret
2020 1902 2081 1955 et
2120 1894 2183 1956 in
2214 1890 2532 1956 solitudine

394 1976 621 2058 uspiam
667 1976 984 2039 collocaret
1023 1986 1200 2058 atque
1243 1977 1325 2040 ibi
1369 1976 1755 2059 suppeditans
1799 1979 2065 2042 omnium
2109 1988 2339 2051 rerum,
2386 1995 2530 2057 quas

394 2070 605 2125 natura
669 2061 995 2136 desiderat,
1061 2061 1480 2125 abundantiam
1544 2071 1602 2124 et
1663 2064 1894 2143 copiam
1963 2063 2217 2125 hominis
2280 2061 2524 2123 omnino

393 2145 756 2227 adspiciendi
800 2153 1152 2229 potestatem
1197 2148 1473 2228 eriperet.
1565 2146 1710 2219 Quis
1754 2155 1872 2210 tam
1926 2157 2080 2212 esset
2125 2148 2372 2220 ferreus,
2425 2146 2528 2225 qui

396 2249 522 2293 eam
545 2231 722 2294 vitam
753 2232 909 2294 ferre
938 2240 1158 2314 posset,
1191 2233 1406 2312 cuique
1439 2251 1563 2295 non
1595 2235 1858 2296 auferret
1885 2236 2143 2297 fructum
2162 2233 2530 2314 voluptatum

396 2316 664 2381 omnium
707 2315 1006 2380 solitudo?
1078 2318 1298 2380 Verum
1324 2314 1493 2398 'ergo
1545 2317 1689 2380 illud
1744 2328 1863 2395 est,
1917 2318 2076 2398 quod
2126 2337 2158 2380 a
2202 2317 2530 2380 Tarentino

394 2401 684 2483 Archyta,
728 2409 796 2464 ut
839 2403 1076 2484 opinor,
1121 2403 1237 2465 dici
1280 2403 1517 2466 solitum
1565 2411 1805 2466 nostros
1846 2422 2024 2467 senes
2068 2420 2532 2466 commemorare

394 2518 479 2572 len
526 2516 682 2582 (eine
717 2518 1069 2572 Grotsthuerei
1116 2519 1220 2573 und
1251 2518 1416 2572 'Prah-

392 2579 541 2640 lerei'
581 2586 635 2639 F.
658 2582 886 2652 Jacobs).

462 2670 589 2706 vero
628 2654 769 2707 ruhrt
803 2654 896 2707 das
929 2653 1144 2720 {Iohel-e,
1179 2656 1416 2722 Itmque

397 2721 534 2775 daun
570 2722 661 2775 das
694 2722 1013 2789 Allgemeine
1050 2722 1151 2777 ein.
1231 2753 1236 2757 -
1355 2740 1358 2742 “

1518 2519 1885 2588 gleichgfiltige
1920 2518 2345 2574 Personlichkeit.

1586 2589 1686 2639 hoe
1702 2588 2040 2641 iudicaretur
2056 2588 2167 2641 dies
2178 2586 2341 2642 Urteil
2360 2586 2535 2641 wurde

1517 2670 1635 2707 man
1684 2654 1869 2709 fallen:
1919 2656 2031 2708 dass
2066 2672 2124 2709 es
2161 2656 2383 2709 namlich
2419 2655 2533 2708 eine

1518 2721 1933 2793 Unmoglichkeit
1976 2724 2070 2788 sei,
2118 2724 2229 2777 sich
2271 2724 2434 2792 vollig
2466 2736 2533 2773 ιιι

453 2791 787 2842 admiribilia
795 2789 1290 2858 bewundernswert‚
1308 2789 1415 2846 und

397 2857 625 2910 insofem
662 2857 794 2910 auch
827 2857 1260 2924 begehrenswert.

468 2941 646 2977 omnes
679 2925 753 2976 ad
783 2938 980 2979 unum·
1021 2924 1116 2994 Ep.
1150 2924 1236 2978 XII
1265 2929 1346 2991 14,
1381 2928 1413 2979 2

397 2995 683 3046 onerariae
719 3008 898 3045 omnes
919 2994 996 3045 ad
1015 3008 1182 3047 unam
1205 3010 1241 3045 a
1261 2996 1415 3051 nobis,

395 3067 524 3114 sunt
556 3066 822 3129 exceptae.
1348 3130 1360 3143 .

399 3131 1288 3266 sess'a'ssi‘l'ftssssiss‘ffifissssssssssssffi
1296 3145 1415 3251 ⁹232:

401 3266 645 3319 kenntnis
679 3265 769 3320 der
801 3266 896 3319 Din
936 3282 991 3319 e:
1028 3283 1092 3319 ιιι
1126 3270 1187 3318 in
1211 3282 1314 3317 um
1335 3269 1416 3318 vi-

399 3340 560 3401 taque
594 3337 864 3388 commum·
971 3337 1051 3388 18.
1105 3333 1203 3387 Der
1234 3333 1416 3389 Genet.

396 3418 582 3456 rerum
626 3403 697 3455 ist
740 3418 835 3455 nur
884 3403 978 3455 mit
1012 3404 1319 3467 cognitione
1353 3418 1418 3456 zu

397 3469 696 3531 verbinden.
1323 3538 1335 3553 ⁸

399 3551 650 3660 ‹12:“1231122
675 3542 1416 3673 ’tzff‘mfflttsz'fflzt

398 3675 516 3730 ben.
587 3673 898 3743 oxymoron.

465 3740 670 3796 nullam
691 3766 760 3789 ει
781 3758 892 3794 non
926 3740 1158 3807 vitalem,
1192 3734 1258 3793 Vl
1281 3742 1364 3795 22.

469 3813 552 3863 87.
587 3814 762 3863 neseio
792 3826 946 3876 quem
980 3809 1280 3863 bezeichnet
1312 3807 1411 3861 den

403 3878 757 3943 beruchtigten
815 3874 1268 3932 Menschenhasser
1336 3876 1413 3929 als

403 3946 518 3999 eine
553 3944 726 4012 wenig
758 3945 1016 3999 bekannte
1049 3943 1153 3997 und
1177 3942 1413 3996 ziemlich

1516 2791 1773 2845 isolieren.

1585 2858 1771 2911 tollere
1802 2858 2100 2923 entriicken,
2135 2858 2399 2911 collocare
2418 2870 2534 2907 ver-

1515 2932 1707 2980 setzen.
1776 2928 1877 2981 Far
1922 2927 2014 2980 das
2060 2926 2273 2979 letztere
2319 2923 2438 2977 flor.
2472 2922 2531 2977 G.

1514 2994 1645 3061 122,
1681 2998 1743 3047 17
1780 2994 1883 3048 und
1918 2997 1978 3049 21
2018 2994 2148 3047 auch
2180 3009 2397 3061 ponere,

1584 3066 1801 3115 omnino
1835 3063 2139 3130 uberhaupt,
2164 3055 2323 3114 ‘auch
2361 3053 2498 3114 nur'.

1582 3128 1797 3191 feneus
1822 3160 1885 3169 —
1911 3129 2059 3192 forre
2076 3159 2145 3169 —
2166 3129 2434 3192 auferret:
2470 3142 2535 3179 zu

1512 3200 1797 3265 praeclara
1830 3216 1964 3253 rara
1994 3198 2113 3251 XXI
2136 3202 2165 3253 7
2172 3202 2221 3253 9.

1584 3269 1669 3321 88.
1711 3269 2013 3336 Archytas,
2048 3266 2216 3336 Pytha
2256 3279 2401 3319 oreer
2444 3278 2537 3316 aus

1518 3332 1733 3400 Terent,
1778 3336 1831 3388 in
1877 3335 1967 3389 der
2011 3341 2182 3388 ersten
2276 3333 2400 3386 iilfte
2444 3331 2537 3384 des

1521 3404 1569 3455 4.
1582 3401 1951 3457 Jahrhunderts
1970 3419 2019 3457 v.
2042 3403 2175 3467 Chr„
2194 3401 2429 3455 beruhmt
2456 3398 2537 3451 als

1521 3468 1804 3537 Philosoph
1832 3471 1936 3525 und
1960 3467 2367 3533 Mathematiker,
2402 3464 2538 3519 auch

1520 3538 1597 3591 als
1632 3538 1876 3593 Feldherr
1910 3541 2078 3593 seiner
2112 3534 2421 3590 Vaterstadt.

1516 3670 1567 3725 Μ
1585 3622 1733 3657 senes
1758 3635 1822 3645 --
1848 3610 1915 3659 ab
1950 3607 2075 3689 alife
2107 3606 2339 3689 renibus.
2408 3602 2541 3685 Cato·

1514 3672 2540 3861 3413317432545520222‘2230222333

1550 3824 1634 3861 we
1668 3827 1740 3862 an
1768 3848 1781 3863 .

1586 3893 1998 3931 commemorare
2050 3876 2262 3929 audivi:
2325 3873 2435 3927 XXI
2471 3876 2539 3928 '16

1516 3945 1693 3998 dicere
1727 3947 1928 4001 audivi.
2527 3950 2532 3955 ·
