2850 4450
1176 258 1495 314 nisa-xl
1520 261 1602 314 36.
2381 259 2457 318 41

315 434 402 498 ris
460 432 911 497 contentionem
962 430 1338 509 incidissent3
1401 441 1631 514 pestem
1683 431 1845 494 enim
1899 431 2122 493 nullam
2174 431 2461 494 maiorem

317 538 448 583 esse
491 517 764 580 amicitiis
808 534 984 597 quam
1024 518 1086 578 in
1126 517 1431 598 plerisque
1469 517 1759 597 pecuniae
1801 516 2199 596 cupiditatem,
2244 517 2307 578 in
2352 535 2457 598 op-

313 604 474 668 timis
519 602 855 684 quibusque
883 601 1134 665 honoris
1161 611 1464 666 certarnen
1498 610 1559 663 et
1585 601 1827 682 gloriae,
1870 611 1941 662 ex
1972 620 2091 681 quo
2122 602 2459 664 inimicitias

313 690 597 753 maximas
625 705 803 768 saepe
831 688 992 750 inter
1021 687 1408 750 amicissimos
1444 687 1753 750 exstitisse.
1811 685 2022 764 Magna
2064 687 2241 749 etiam
2282 687 2455 750 disci·
2500 697 2561 749 3⁵

315 775 408 836 dia
451 781 518 836 et
563 772 916 853 plerumque
966 773 1119 835 iusta
1175 772 1368 846 nasci,
1424 789 1562 836 cum
1614 770 1833 851 aliquid
1886 769 1961 832 ab
2014 773 2247 845 amicis,
2302 773 2460 852 quod

315 866 547 922 rectum
593 877 714 920 non
773 866 958 933 esset,
1012 857 1414 938 postularetur
1433 904 1449 932 ‚
1502 866 1570 918 ut
1610 866 1711 919 aut
1760 855 2019 920 libidinis
2064 856 2317 919 ministri
2364 865 2465 920 aut

317 944 618 1006 adiutores
669 951 868 1007 essent
917 944 991 1005 ad
1041 942 1349 1018 iniuriam,
1403 942 1565 1021 quod
1615 941 1720 1021 qui
1770 950 2147 1016 recusarent,
2199 943 2467 1021 quamvis

318 1029 570 1092 honeste
609 1028 666 1090 id
711 1030 999 1103 facerent,
1043 1028 1136 1091 ius
1175 1038 1374 1089 tamen
1417 1027 1707 1090 amicitiae
1751 1028 2025 1090 deserere
2067 1037 2468 1108 arguerentur

319 1113 414 1175 ab
447 1114 547 1191 iis,
600 1113 817 1194 quibus
869 1112 1119 1192 obsequi
1173 1113 1435 1188 nollent3
1489 1113 1622 1176 illos
1674 1120 1902 1187 autem,
1957 1113 2059 1192 qui
2112 1113 2341 1193 quidvis
2392 1113 2465 1174 ab

320 1198 506 1261 amico
551 1200 844 1264 auderent
882 1198 1205 1280 postulare,
1253 1198 1654 1279 postulatione
1695 1198 1822 1279 ipsa
1864 1198 2131 1278 profiteri
2176 1198 2374 1260 omnia
2402 1216 2467 1262 se

319 1283 491 1347 amici
543 1303 719 1347 causa
774 1302 904 1347 esse
961 1285 1240 1347 facturos.
1338 1283 1573 1346 Eorum
1626 1283 1867 1362 querela
1930 1284 2285 1346 inveteratas
2342 1302 2466 1345 non

315 1369 491 1431 modo
537 1369 963 1431 familiaritates
1002 1369 1298 1446 exstingui
1341 1367 1554 1442 solere,
1594 1368 1697 1430 sed
1742 1368 1874 1431 odia
1913 1370 2084 1430 etiam
2118 1368 2281 1447 gigni
2312 1387 2467 1430 sem·

318 1455 574 1534 piterna.
663 1453 822 1514 Haec
883 1453 960 1512 ita
1017 1453 1202 1514 multa
1255 1452 1423 1532 quasi
1474 1454 1593 1513 fata
1644 1453 1989 1533 impendere
2040 1453 2344 1526 amicitiis,
2405 1461 2471 1514 ut

321 1537 522 1598 omnia
567 1535 982 1614 subterfugere
1024 1555 1145 1598 non
1189 1535 1367 1598 modo
1411 1537 1762 1616 sapientiae,
1814 1536 1916 1598 sed
1961 1538 2134 1600 etiam
2176 1535 2471 1599 felicitatis

321 1621 548 1683 diceret
589 1619 704 1682 sibi
745 1619 948 1681 videri.

487 1703 587 1768 xl.
647 1704 837 1777 Quam
883 1705 958 1767 ob
1003 1723 1130 1769 rem
1177 1705 1234 1767 id
1277 1705 1535 1786 primum
1581 1704 1908 1780 videamus,
1952 1706 2003 1768 si
2046 1705 2274 1787 placet,
2325 1726 2469 1787 qua·

389 1906 460 1942 em
493 1904 599 1958 quo
646 1891 912 1941 ementiare
954 1887 1125 1942 indem
1161 1887 1346 1942 claraus

325 1963 674 2025 entepmngen
709 1958 882 2010 waren
916 1979 985 2003 ι-
1018 1973 1145 2010 nam
1180 1973 1252 2008 σω
1285 1972 1345 2009 eo

321 2027 604 2079 emetiris-ve.
675 2025 768 2078 Ex
799 2041 904 2092 quo
937 2045 1008 2073 —
1041 2041 1148 2093 qua
1184 2042 1254 2076 ex
1286 2041 1348 2077 re

322 2095 446 2162 geht
497 2093 592 2146 auf
639 2092 739 2146 den
791 2108 989 2161 ganzen
1042 2092 1348 2147 Gedanken:

323 2161 470 2230 quod
512 2166 649 2214 esset
693 2165 754 2213 in
782 2163 1053 2230 plerisque
1083 2165 1348 2231 pecuniae

325 2230 1349 2365 aetffsssszez‘zmssx‘ifflfflffl

393 2367 476 2417 35.
511 2365 742 2417 discidia
778 2365 865 2418 Vll
899 2368 982 2421 23.

394 2436 540 2484 iueta
552 2433 806 2486 natfirlich
826 2434 967 2486 nicht
981 2434 1172 2487 seitens
1185 2433 1344 2497 derer,

325 2499 526 2553 welche
573 2504 736 2553 etwas
781 2500 1066 2555 Unrechtes
1113 2501 1348 2567 verlang·

326 2574 432 2632 ten,
456 2567 678 2621 sondern
701 2568 840 2622 blol's
863 2569 1022 2635 derer,
1047 2568 1131 2621 die
1156 2583 1212 2620 es
1231 2584 1346 2620 ver·

325 2637 632 2703 weigerten3
677 2637 992 2704 plerumque
1035 2637 1159 2690 aber
1203 2635 1347 2689 nicht

323 2706 521 2769 immer,
544 2703 766 2759 scudem
786 2705 924 2758 blofs
943 2706 996 2759 in
1015 2704 1114 2757 den
1133 2704 1351 2757 meisten

323 2773 502 2825 Pallen
529 2773 964 2840 gerechtfertigte,
1001 2773 1172 2826 sofern
1203 2772 1352 2825 aller·

327 2840 476 2908 dings
513 2840 644 2895 nach
680 2840 817 2894 XVII
852 2844 912 2895 61
966 2840 1048 2894 bis
1083 2856 1146 2893 ιιι
1184 2842 1350 2893 einem

329 2909 588 2975 gewissen
620 2908 826 2964 Punkte
861 2908 952 2962 der
983 2906 1354 2963 Freundschaft

327 2976 820 3096 gigrzugestfindnis
868 2978 1108 3045 gemacht
1141 2977 1349 3030 werden

394 3115 461 3163 ut
482 3140 549 3151 —
573 3118 744 3163 essent
775 3112 1090 3180 Epexegese.

400 3178 547 3246 quod
578 3182 672 3244 qui
704 3186 1100 3232 remum-‹mt-
1118 3196 1254 3247 σωκ,
1288 3180 1352 3231 id

329 3251 424 3315 qui
440 3252 780 3301 recusarent:
804 3248 910 3313 vgl.
936 3251 1027 3299 cui
1049 3251 1143 3314 qui
1155 3254 1352 3313 pareat

327 3342 394 3363 2.-
419 3330 556 3383 eum,
579 3316 632 3365 ei
653 3317 752 3380 qui
779 3320 977 3381 pareat
997 3315 1121 3368 Cato
1153 3314 1222 3369 M.
1254 3315 1276 3367 1
1299 3318 1348 3369 2.

395 3384 520 3435 illos
542 3385 640 3451 qui
661 3382 922 3435 auderent
942 3384 1012 3435 im
1031 3382 1349 3450 Gegensatae

329 3466 496 3519 gegeu
532 3451 678 3517 quod
710 3453 806 3517 qui
838 3456 1170 3512 recusanti&
1215 3450 1349 3503 daun

328 3521 396 3572 ist
420 3520 636 3586 quidvis
653 3536 689 3587 p
704 3520 1000 3572 osculare
1034 3518 1137 3572 und
1165 3522 1350 3571 omnia

331 3586 638 3647 facturos
671 3603 736 3640 zu
772 3588 1011 3640 betonen.

399 3656 614 3721 querela
637 3655 893 3709 naturlich
918 3654 1058 3707 nicht
1079 3668 1183 3707 von
1207 3654 1352 3707 einer

333 3721 600 3775 einzelnen
627 3723 805 3791 mage,
843 3739 902 3777 so
938 3722 1111 3790 wenig
1145 3722 1222 3775 als
1256 3721 1350 3777 12.

401 3792 728 3843 inveteratas
778 3808 888 3844 non
936 3792 1095 3843 modo
1146 3789 1350 3854 famili-

333 3860 560 3910 aritates
591 3886 660 3901 --
692 3860 786 3911 sed
816 3860 944 3912 odia
977 3863 1138 3911 etiam
1159 3861 1352 3925 sempi-

335 3932 507 3979 terna.
609 3926 664 3980 ln
749 3927 916 3981 dieser
1005 3927 1349 3981 chiastischeu

1450 1887 1981 1956 Gegenuberstellung
2032 1890 2146 1943 sind
2206 1890 2289 1944 die
2343 1890 2472 1944 Sub-

1451 1957 1674 2009 stantiva
1700 1956 1776 2008 als
1800 1956 1884 2009 die
1910 1957 2256 2024 eigentlichen
2281 1958 2474 2025 Trager

1450 2023 1541 2077 des
1588 2023 1932 2091 Gegensatzes
1975 2026 2134 2079 durch
2181 2027 2265 2079 die
2301 2026 2474 2080 Wort·

1450 2092 1677 2160 stellung
1701 2093 2141 2161 hervorgehoben,
2166 2094 2338 2148 indem
2361 2111 2473 2148 non

1448 2161 1605 2213 modo
1642 2161 1785 2214 nicht
1820 2162 1981 2215 echon
2006 2178 2101 2215 vor
2122 2166 2469 2228 inveteratas,

1452 2230 1671 2283 sondern
1719 2235 1825 2283 erst
1871 2231 2204 2285 unmittelbar
2247 2249 2343 2286 vor
2385 2232 2472 2297 fa-

1447 2299 1823 2364 miliaritates,
1858 2299 1953 2350 sed
1984 2302 2150 2351 etiam
2184 2301 2308 2352 aber
2343 2315 2471 2367 ganz

1450 2381 1514 2418 ιιι
1551 2366 1678 2417 odia
1714 2366 1923 2432 gestellt
1955 2366 2039 2421 ist.
2100 2366 2239 2421 Ganz
2266 2368 2473 2421 fihnlich

1448 2432 1604 2485 heifst
1628 2447 1685 2485 es
1708 2448 1828 2487 vom
1853 2432 2248 2487 Volkstribunat
2283 2450 2472 2503 gegen-

1448 2500 1577 2553 fiber
1622 2499 1736 2552 dem
1772 2500 2026 2554 Konsulat
2070 2502 2134 2554 de
2178 2504 2280 2571 leg.
2325 2502 2387 2556 111
2424 2508 2472 2571 7,

1452 2570 1541 2621 16:
1578 2569 1768 2620 attulit
1800 2571 2068 2621 auxilium
2102 2572 2328 2638 reliquis
2360 2587 2472 2623 non

1446 2636 1605 2689 modo
1662 2640 2097 2707 magistratibus,
2155 2641 2251 2691 sed
2307 2644 2471 2692 etiam

1449 2706 1681 2771 privatis
1730 2707 1941 2757 consuli
1988 2722 2098 2759 non
2138 2711 2470 2777 parentibus.

1522 2776 1801 2839 exstingui
1834 2773 2117 2829 erloschen.

1521 2842 1663 2891 Haec
1695 2845 1777 2893 ita
1810 2843 1980 2895 multa
2012 2838 2160 2896 ‘Dies
2196 2844 2370 2897 waren
2410 2861 2469 2900 so

1451 2907 2471 2979 vieleVerhiingnissegleichsam‚welche

1452 2977 1587 3097 {bren-³
1614 2977 1705 3030 der
1738 2978 2109 3033 Freundscbaft
2154 2981 2470 3046 schwebten,

1488 3061 1515 3097 a
1538 3060 1563 3097 s
1591 3085 1603 3097 .

1516 3110 1892 3178 subterfugere
1908 3113 1979 3166 ist
1996 3114 2089 3167 auf
2109 3112 2470 3168 anschauliche

1452 3178 1626 3233 Weise
1649 3180 1701 3232 in
1726 3178 2023 3249 Beziehung
2046 3182 2135 3234 auf
2166 3184 2473 3249 impendere

1454 3252 1669 3316 gesetzt.

1521 3316 1722 3368 diceret
1763 3319 1867 3369 sibi
1912 3318 2088 3370 videri
2130 3318 2201 3371 ist
2246 3333 2343 3370 nur
2387 3320 2470 3372 ein

1452 3382 1814 3437 modificiertes
1844 3386 2222 3454 (ausgesagtes)
2253 3389 2360 3439 eibi
2392 3391 2469 3439 vt·-

1453 3453 1684 3504 deretur.
1759 3452 1870 3519 Vgl.
1907 3469 1972 3505 ιιι
2009 3454 2114 3506 Vlll
2148 3456 2213 3508 27
2249 3471 2295 3508 a.
2331 3456 2387 3508 E.

1521 3518 1605 3573 XI.
1636 3522 1718 3574 36.
1752 3523 1813 3570 in
1848 3524 2091 3575 amicitia
2117 3525 2385 3591 progredi
2416 3525 2469 3575 in

1455 3587 1545 3640 der
1606 3587 1975 3643 Freundschaft
2031 3592 2319 3658 vorgehen,
2376 3593 2471 3643 mit

1455 3655 1571 3708 dem
1621 3655 1853 3709 Freunde
1910 3659 2198 3725 mitgehen,
2256 3659 2365 3711 also
2418 3660 2471 3713 in

1453 3724 1593 3776 einer
1615 3723 1941 3778 bestimmten
1966 3725 2222 3793 Richtung
2243 3726 2347 3779 und
2377 3728 2472 3780 mit

1450 3790 1733 3845 Rilcksicht
1781 3793 1983 3858 darauf,
2031 3794 2098 3846 ob
2133 3792 2217 3846 die
2250 3794 2473 3849 Freund-

1451 3860 1620 3913 schaft
1665 3862 1798 3914 noch
1846 3861 2140 3915 fortdauern
2176 3862 2312 3915 kann
2348 3863 2473 3917 oder

1451 3928 1701 3982 aufhoren
1749 3929 1897 3985 murs,
1976 3930 2217 3999 Dagegen
2263 3930 2474 3985 handelt
