2850 4450
278 1053 340 1106 ’19

281 1647 340 1700 80

378 275 456 335 68
1068 272 1338 328 LAELIUS
1375 273 1461 328 DE
1494 273 1802 329 AMICITIA.

379 467 614 530 pressae
660 465 787 509 esse
830 446 1156 508 videantur.
1247 445 1582 508 Cavendum
1625 463 1800 518 vero,
1862 464 1938 507 ne
1983 446 2156 507 etiam
2202 447 2263 508 in
2310 463 2517 527 graves

380 533 713 596 inimicitias
744 540 1095 595 convertant
1121 550 1184 593 se
1215 531 1535 607 amicitiae3
1580 549 1652 592 ex
1684 530 1900 611 quihus
1937 531 2145 610 iurgia,
2190 531 2516 606 maledicta,

381 618 771 680 contumeliae
803 618 1150 697 gignuntur.
1240 615 1406 688 Quae
1449 625 1669 692 tamen,
1713 617 1762 678 si
1806 615 2141 679 tolerabiles
2184 625 2384 691 erunt,
2430 619 2516 679 fe-

382 703 598 765 rendae
643 711 816 776 sunt‚
875 710 934 764 et
976 701 1074 764 hic
1116 701 1310 763 honos
1353 701 1537 763 veteri
1580 701 1868 763 amicitiae
1913 701 2298 776 tribuendus,
2356 711 2425 764 ut
2466 705 2516 765 is

380 789 440 850 in
488 789 660 868 culpa
705 788 799 862 sit,
844 787 947 866 qui
991 787 1180 861 faciat,
1225 805 1352 868 non·
1393 786 1463 862 is,
1508 786 1610 866 qui
1654 787 1909 866 patiatur
1952 787 2248 850 iniuriam.

551 873 812 935 Omnino
871 871 1138 935 omnium
1191 871 1408 934 horum
1464 871 1737 933 vitiorum
1781 882 1957 951 atque
2000 872 2513 935 incommodorum

379 977 499 1020 una
545 958 738 1020 cautio
785 968 874 1020 est
916 966 1092 1037 atque
1135 975 1254 1018 una
1299 957 1587 1037 provisio:
1640 966 1707 1018 ut
1757 974 1835 1018 ne
1886 957 2061 1019 nimis
2110 958 2227 1020 cito
2270 957 2516 1038 diligere

381 1043 669 1122 incipiant
720 1060 867 1104 neve
921 1061 1041 1104 non
1097 1041 1328 1123 dignos.
1386 1041 1591 1122 'Digni
1634 1051 1829 1104 autem
1874 1051 2015 1104 sunt
2059 1043 2339 1116 amicitia..
2381 1044 2517 1123 qui-

381 1127 494 1189 bus
538 1128 599 1188 in
645 1127 786 1208 ipsis
828 1127 984 1189 inest
1011 1143 1206 1201 causa,
1253 1145 1359 1188 cur
1388 1126 1725 1205 diligantur.
1787 1127 2006 1189 Rarum
2037 1146 2247 1208 genus,
2293 1140 2353 1190 et
2382 1129 2514 1208 qui-

380 1213 517 1274 dem
560 1213 758 1273 omnia
803 1212 1102 1292 praeclara
1147 1229 1297 1288 rara,
1345 1229 1455 1273 nec
1499 1211 1817 1291 quidquam
1864 1212 2159 1275 difficilius
2200 1231 2372 1292 quam
2420 1233 2515 1274 re-

381 1299 597 1378 perire,
645 1295 800 1377 quod
831 1297 908 1359 sit
950 1297 1114 1359 omni
1158 1315 1230 1358 ex
1270 1304 1437 1378 parte
1468 1296 1527 1357 in
1560 1315 1669 1358 suo
1700 1315 1920 1378 genere
1964 1299 2311 1378 perfectum.
2396 1298 2513 1360 Sed

263 1407 270 1412 ·
381 1383 650 1463 plerique
703 1400 899 1461 neque
950 1381 1011 1444 in
1066 1381 1246 1444 rebus
1296 1382 1571 1452 humanis
1620 1381 1940 1461 quidquam
1993 1382 2219 1446 bonum
2270 1392 2513 1456 norunt,

386 1468 497 1530 nisi
542 1466 700 1546 quod
755 1469 1126 1530 fructuosum
1183 1467 1288 1539 sit,
1347 1475 1406 1528 et
1458 1467 1680 1529 amicos
1738 1478 2036 1547 tamquam
2096 1467 2355 1548 pecudes
2410 1487 2513 1529 eos

365 1553 754 1633 ·potissimum
815 1551 1100 1632 diligunt,
1161 1570 1233 1613 ex
1292 1550 1509 1631 quibus
1566 1564 1810 1632 sperant
1866 1571 1929 1614 se
1980 1554 2296 1615 maximum
2355 1555 2516 1614 fruc-

382 1648 507 1699 tum
555 1657 682 1700 esse
727 1648 1023 1718 capturos.
1114 1637 1200 1698 Ita
1252 1635 1648 1717 pulcherrima
1702 1636 1798 1698 illa
1852 1647 1911 1698 et
1960 1639 2209 1700 maxime
2264 1638 2516 1699 naturali

383 1733 591 1784 carent
639 1722 891 1784 amicitia
939 1740 1048 1802 per
1097 1740 1161 1783 se
1213 1730 1272 1783 et
1322 1729 1571 1802 propter
1620 1740 1684 1784 se
1744 1723 2016 1802 expetita,
2078 1741 2190 1784 nec
2241 1723 2353 1804 ipsi
2406 1722 2517 1785 sihi

383 1807 653 1888 exemplo
696 1816 855 1880 sunt,
899 1806 1045 1869 haec
1085 1807 1171 1869 vis
1216 1807 1503 1868 amicitiae
1546 1817 1605 1867 et
1634 1806 1823 1885 qualis
1853 1817 1912 1868 et
1941 1817 2161 1887 quanta
2204 1808 2299 1870 sit.
2387 1809 2518 1888 Ipse

370 1960 559 2024 polius
591 1959 777 2008 sivisse
801 1959 1096 2008 amicitiam
1121 1971 1281 2024 quam
1307 1973 1400 2023 op·

376 2025 928 2168 prgastzaese'nedzaeezresso
973 2091 1396 2146 nachdriicklich:

383 2160 548 2213 Hsiten
589 2160 711 2212 aber
746 2161 880 2212 muts
915 2174 1031 2212 man
1068 2159 1194 2212 sich.

451 2232 612 2296 ise-qui
629 2227 807 2290 faeiat
824 2227 913 2280 der
933 2227 1236 2296 Beleidiger.
1272 2228 1397 2281 Also

383 2314 566 2419 ’,ἱὲῗῖ
591 2296 1398 2418 3?3?‘Kz.²33'2²12².‘32'ffi³2‚53¹.·

385 2434 488 2487 alte
546 2432 912 2485 Freundscbal't
981 2432 1081 2486 soll
1139 2448 1254 2485 man
1315 2433 1398 2486 die

385 2500 576 2554 Schuld
613 2501 708 2553 den
747 2499 934 2552 andern
981 2506 1158 2568 tragen
1207 2498 1395 2567 lassen,

389 2569 530 2621 nicht
567 2567 728 2620 Boses
764 2569 856 2619 mit
891 2567 1075 2621 Bosem
1111 2569 1395 2635 vergelten,

386 2636 488 2688 und
524 2636 684 2688 lieber
702 2633 924 2688 Unrecht
959 2636 1144 2701 leiden,
1179 2636 1256 2690 als
1292 2636 1393 2689 Un-

383 2705 528 2757 recht
561 2704 703 2756 thun.
1233 2737 1242 2748 .

449 2788 562 2823 una
598 2773 776 2823 cautio
811 2776 974 2837 atque
1004 2787 1114 2823 una
1158 2775 1395 2839 provisio

386 2855 480 2891 nur
516 2840 598 2892 ein
623 2836 789 2890 Mittel
825 2839 933 2891 sich
957 2854 1020 2891 zu
1051 2839 1256 2892 wahren
1291 2840 1396 2893 und

386 2906 497 2959 sich
530 2906 864 2959 vorzusehen.

454 2977 537 3028 79.
570 2976 753 3026 omnia
781 2975 1068 3041 praeclara
1101 2990 1250 3027 rara.
1304 2974 1396 3028 Ein

385 3042 667 3096 deutsches‘
695 3041 1012 3108 Sprichwort
1041 3041 1226 3095 -heitstz
1283 3042 1397 3096 Viel

388 3112 490 3164 und
526 3114 616 3177 gut
651 3111 720 3163 ist
744 3110 885 3163 nicht
908 3111 1237 3166 beisammen.
1301 3109 1400 3165 Der

387 3179 723 3245 Gleichklang
744 3179 798 3231 in
869 3176 1116 3231 raeelara
1139 3179 1242 3232 und
1266 3196 1400 3232 rara

387 3247 616 3300 erweckt
649 3246 828 3299 unwill
867 3247 1027 3299 tirlich
1065 3246 1149 3299 die
1174 3246 1400 3301 Vorstel-

386 3315 540 3380 lung,
588 3314 702 3368 dats
750 3314 880 3367 auch
927 3316 1040 3367 eine
1083 3315 1260 3367 innere
1305 3314 1400 3368 Be-

385 3382 606 3502 ῗξξὲἓῗῑς
623 3382 727 3501 333
753 3380 1229 3503 ”Xssssmfflff‘fii‘fss'ss
1253 3389 1401 3503 Ψ·

558 3488 573 3511 ,
991 3466 1024 3503 ιι
1116 3466 1133 3501 1
1200 3466 1266 3503 au
1288 3466 1400 3504 sere

387 3505 718 3570 Abulichkeit
766 3517 1068 3585 uberhaupt.
1148 3518 1218 3571 So
1272 3519 1400 3571 wird

389 3586 472 3638 bei
508 3584 670 3638 Horaz
700 3584 862 3637 Carm.
889 3584 955 3636 IV
982 3588 1064 3652 12,
1092 3590 1152 3639 13
1178 3587 1282 3639 und
1311 3584 1398 3640 14:

386 3655 680 3706 Adduoeere
712 3656 857 3705 sitim
883 3658 1136 3722 tempora,
1162 3654 1375 3721 Vergili
1384 3675 1397 3706 ε

389 3722 498 3774 Sed
524 3737 765 3790 pressum
802 3722 1014 3775 Calibus
1047 3723 1238 3773 ducere
1273 3723 1400 3775 libe-

387 3806 509 3841 rum
523 3790 872 3856 Si-geseis‚etc
892 3789 1050 3843 durch
1070 3790 1159 3842 das
1180 3797 1401 3843 wesent-

388 3858 490 3909 lieh
548 3857 910 3911 verschiedene
963 3859 1241 3910 adduxere
1296 3859 1398 3911 und

389 3926 582 3975 ducere
604 3925 909 3991 gleichwohl
937 3926 1079 3979 recht
1104 3927 1281 3992 witzig
1305 3926 1399 3979 mit

1491 1955 1592 2008 der
1628 1971 1851 2009 warmen
1885 1955 2171 2010 Jahreszeit
2218 1957 2308 2010 der
2354 1957 2515 2009 heitse

1500 2021 1653 2075 Durst
1670 2025 1723 2076 in
1744 2023 2075 2092 Verbindung
2096 2025 2382 2093 gebracht„
2392 2023 2511 2076 Der-

1500 2092 1733 2158 gleichen
1783 2092 1873 2144 hat
1908 2091 2039 2145 Ovid
2087 2092 2166 2145 bis
2200 2107 2313 2145 zum
2350 2091 2507 2158 Uber-

1494 2159 1659 2212 ·druts.
1718 2157 1985 2228 Zufiillige
2030 2161 2133 2213 und
2182 2159 2515 2213 absichtliche

1499 2227 1945 2293 paronomasieem
1970 2228 2351 2297 Homoioptota,
2370 2229 2518 2282 Allit-

1500 2296 1784 2349 terationen
1822 2312 1872 2350 u.
1896 2296 2002 2364 dgl.
2026 2313 2090 2350 zu
2127 2297 2519 2351 unterscheiden

1500 2364 1571 2416 ist
1604 2364 1843 2432 miralicb,
1878 2364 2013 2418 denn
2049 2366 2125 2417 als
2161 2367 2245 2419 ein
2270 2366 2519 2433 Ergebnis

1500 2432 2124 2553 ῧὲἓὲῗῑῗὲἔέειέἷίΨΞΞἙ
2167 2432 2519 2553 ἕξᾝιῗὲιῐ

1498 2567 1819 2621 klassischen
1832 2570 2055 2621 Antoren
2075 2569 2362 2637 uberhaupt
2376 2568 2518 2621 nicht

1496 2636 1788 2689 anzusehen
1805 2656 1819 2688 ε
1839 2638 1978 2689 wohl
1996 2638 2118 2690 aber
2139 2637 2283 2704 giebt
2301 2652 2357 2690 es
2374 2636 2518 2689 mehr

1498 2704 1623 2757 oder
1656 2702 1855 2757 minder
1889 2704 2356 2758 hervorstechende
2390 2703 2515 2756 oder

1499 2770 1788 2825 wirksame.
1988 2803 1995 2810 -

1566 2844 1620 2891 et
1656 2842 1857 2892 amieos
1892 2845 1989 2893 etc.
2060 2838 2207 2892 Ovid.
2245 2854 2307 2891 ex
2343 2838 2511 2892 Ponto

1497 2906 1538 2959 11
1563 2910 1611 2971 3,
1638 2910 1697 2961 8:
1740 2909 1949 2973 Vulgus
1973 2909 2243 2959 amicitias
2276 2909 2515 2959 utilitate

1492 3008 1499 3019 .,
1532 2978 1705 3028 rebat.

1495 2991 1531 3042 p
1569 3046 1653 3097 80.
1675 3060 1772 3111 per
1787 3060 1843 3095 se
1872 3058 1990 3096 vom
2012 3041 2227 3107 Objecte
2246 3059 2355 3108 aus,
2382 3044 2518 3097 ohne

1500 3110 1895 3165 Nebenvorteile
1910 3132 1924 3173 ς
1937 3116 2162 3179 propter
2178 3128 2237 3163 se
2248 3128 2375 3165 -vom
2388 3112 2521 3165 Sub-

1495 3179 1644 3245 jekte
1666 3192 1789 3245 aus,
1823 3180 1959 3232 ohne
1993 3179 2519 3234 Nebenrsicksiehten.

1502 3247 1659 3301 Datur
1696 3249 1833 3300 ware
1862 3263 1965 3314 per
1998 3252 2054 3300 ‚et
2078 3254 2311 3315 propter
2334 3266 2394 3301 se
2428 3265 2521 3301 un·

1502 3315 1796 3377 lateinisch;
1836 3315 1969 3368 deun
2004 3315 2057 3366 in
2085 3316 2282 3370 Stellen
2308 3317 2408 3369 wie
2433 3318 2519 3366 in·

1496 3388 1592 3434 tra
1610 3388 1872 3449 extraque
1886 3386 2214 3435 munitiones
2232 3385 2376 3437 Caes·
2389 3382 2446 3434 Β.
2460 3382 2517 3435 C.

1501 3448 1563 3503 111
1589 3453 1652 3503 ‘12
1687 3451 1756 3503 ist
1789 3451 1853 3503 au
1887 3453 2037 3502 intra
2073 3466 2214 3503 zwar
2248 3450 2378 3503 auch
2400 3465 2518 3501 mu·

1500 3522 1733 3571 uitiones
1777 3533 1841 3570 zu
1886 3520 2163 3586 erganzen,
2208 3518 2290 3570 die
2325 3518 2519 3585 Prfipo-

1498 3587 1656 3639 sition
1692 3586 1813 3638 aber.
1849 3588 1947 3639 ein.
1971 3585 2138 3650 Wort,
2172 3585 2267 3639 das
2302 3586 2379 3639 als
2415 3585 2518 3638 Ad·

1502 3655 1734 3707 verbinm
1803 3655 1933 3707 auch
1992 3652 2364 3706 alleinstehend
2429 3668 2517 3720 ge-

1503 3722 1718 3775 braucht
1754 3723 1895 3776 wird.

1571 3792 1899 3857 eoeemplum:
1932 3788 1976 3842 X
2002 3791 2084 3842 33.

1572 3860 1699 3911 haec
1716 3861 1802 3910 vis
1818 3860 2105 3910 amicitiae.
2130 3855 2365 3909 Genauer
2380 3858 2516 3908 ware

1502 3929 1663 3978 huius
1714 3927 2131 3993 (pulcherrimae
2178 3929 2231 3976 et
2281 3927 2518 3975 maoeime
