2850 4450
1229 263 1293 317 vl
1323 266 1388 318 20
1407 291 1475 306 «-
1496 266 1579 319 22.
2390 263 2469 322 31

334 449 530 520 potest
573 458 703 502 esse
732 438 848 500 vita
878 437 1084 511 vitalis,
1127 447 1195 498 ut
1225 436 1304 497 ait
1333 436 1589 512 EnniuS,
1636 455 1785 517 quae
1817 456 1939 500 non
1972 437 2033 500 in
2068 437 2243 500 amici
2272 446 2478 499 mutua

337 524 751 588 benevolentia
797 520 1215 602 conquiescit?
1276 521 1431 594 Quid
1474 522 1705 585 dulcius
1749 541 1922 603 quam
1968 522 2191 585 hahere
2236 522 2474 602 quicum

335 611 532 672 omnia
576 609 792 672 audeas
833 608 920 670 sic
962 607 1127 687 loqui
1169 616 1238 669 ut
1281 605 1525 669 tecum?
1613 607 1728 680 Qui
1782 616 1941 671 esset
1996 616 2197 670 tantus
2248 609 2479 670 fructus

335 697 395 758 in
457 693 768 775 prosperis
822 692 1036 767 rebus,
1099 692 1211 754 nisi
1268 691 1521 755 haberes
1582 692 1685 773 qui
1741 692 1855 755 illis
1897 711 2085 773 aeque
2130 711 2197 754 ac
2240 702 2307 755 tu
2352 693 2479 772 ipse

333 777 663 862 gauderet?
721 777 1006 841 Adversas
1046 795 1188 839 vero
1233 777 1391 838 ferre
1437 777 1673 840 difficile
1720 784 1875 840 esset
1916 777 2048 840 sine
2078 795 2170 853 eo,
2218 777 2319 857 qui
2350 777 2477 839 illas

334 865 571 946 gravius
614 864 784 926 etiam
830 882 1005 943 quam
1051 872 1118 925 tu
1163 863 1362 924 ferret.
1432 863 1701 942 Denique
1746 871 1978 925 ceterae
2021 881 2135 936 res,
2183 880 2332 942 quae
2378 881 2479 923 ex-

335 958 642 1031 petuntur,
687 960 1020 1030 oportunae
1063 957 1207 1010 sunt
1235 947 1505 1026 singulae
1534 949 1714 1011 rebus
1742 951 1869 1010 fere
1898 948 2180 1029 singulis:
2228 947 2478 1020 divitiae,

338 1044 408 1096 ut
449 1043 630 1107 utare,
676 1053 842 1115 opes,
885 1043 953 1098 ut
995 1033 1210 1109 colare,
1255 1033 1538 1108 honores,
1584 1042 1651 1096 ιιι
1692 1033 1961 1107 laudere,
2010 1033 2369 1113 voluptates,
2415 1042 2483 1093 ut

337 1121 605 1199 gaudeas,
651 1120 942 1194 valetudo,
987 1129 1055 1181 ut
1099 1117 1304 1180 dolore
1339 1137 1541 1181 careas
1584 1127 1645 1181 et
1684 1119 2035 1182 muneribus
2062 1119 2316 1197 fungare
2346 1135 2479 1187 cor-
2534 1197 2537 1200 .

341 1205 519 1285 poris,
551 1205 806 1268 amicitia
835 1223 932 1266 res
963 1203 1246 1284 plurimas
1277 1204 1578 1278 continet3
1618 1222 1862 1285 quoquo
1892 1214 1951 1266 te
1982 1204 2211 1277 veteriS,
2242 1213 2479 1283 praesto

338 1300 442 1363 est,
490 1291 654 1352 nullo
704 1289 834 1352 loco
891 1289 1256 1362 excluditur,
1316 1307 1626 1370 nunquam
1672 1291 2115 1371 intempestiva,
2176 1307 2480 1368 nunquam

331 1376 578 1437 molesta
607 1385 729 1449 est;
773 1375 970 1452 itaque
1003 1393 1126 1436 non
1157 1392 1329 1453 aqua,
1370 1392 1493 1436 non
1526 1374 1673 1456 igni,
1704 1386 1772 1437 ut
1801 1376 1985 1449 aiunt,
2031 1374 2179 1436 locis
2208 1373 2482 1453 pluribus

332 1461 559 1522 utimur
615 1476 793 1537 quam
850 1458 1123 1520 amicitia.
1215 1459 1447 1537 (Neque
1504 1478 1613 1538 ego
1672 1479 1837 1521 nunc
1881 1461 1953 1521 de
1996 1458 2221 1537 vulgari
2264 1466 2365 1519 aut
2406 1459 2482 1519 de

336 1543 643 1615 mediocri,
690 1559 842 1620 quae
884 1550 1079 1602 tamen
1127 1542 1254 1620 ipsa
1299 1551 1360 1603 et
1402 1542 1653 1604 delectat
1697 1553 1759 1604 et
1800 1544 2063 1623 prodest,
2110 1543 2214 1604 sed
2244 1543 2317 1603 de
2347 1560 2483 1604 vera

338 1640 398 1689 et
439 1628 706 1706 perfecta
749 1625 984 1706 loquor,
1030 1627 1220 1705 qualis
1263 1643 1494 1702 eorum,
1539 1627 1640 1707 qui
1672 1629 1845 1708 pauci
1877 1629 2282 1698 nominantur,
2326 1627 2483 1706 fuit.)

341 1713 486 1773 Nam
536 1719 595 1772 et
638 1711 929 1773 secundas
975 1730 1070 1774 res
1113 1711 1549 1794 splendidiores
1600 1714 1743 1776 facit
1798 1713 2053 1776 amicitia
2103 1722 2161 1775 et
2212 1712 2483 1776 adversas

334 1795 612 1878 partiens
657 1797 1226 1877 communicansque
1266 1797 1536 1860 leviores·

402 1947 632 2001 Enniue.
704 1943 764 2006 Q.
790 1947 998 2012 Ennius,
1034 1947 1256 2014 geboren
1294 1965 1358 2001 ιιι

335 2013 498 2068 Rudis
522 2014 574 2067 in
593 2013 865 2068 Kalabrien
892 2017 992 2070 239
1008 2032 1055 2069 v.
1070 2016 1201 2081 Chr„
1226 2022 1356 2084 gest.

339 2085 435 2138 169
469 2083 523 2135 in
545 2081 694 2148 Rom,
730 2084 970 2136 berfihmt
1004 2083 1082 2138 als
1107 2083 1358 2152 Schopfer

335 2151 730 2272 geshromischen
749 2151 887 2220 Epos
904 2152 1008 2205 und
1027 2153 1105 2205 als
1118 2152 1358 2207 Dramen-

369 2220 416 2271 ic
453 2223 546 2273 ter.
1086 2248 1091 2252 ·

404 2292 465 2338 in
477 2290 840 2340 benevolentia
855 2293 1198 2355 conquiescit.
1216 2278 1356 2343 Ann-

339 2355 440 2406 lich
482 2353 679 2408 Goethe
725 2358 793 2407 im
829 2356 1017 2410 Tasso:
1062 2352 1140 2410 ‘ln
1186 2359 1358 2411 seiner

339 2421 600 2474 Grofsmut
636 2421 826 2476 kannst
859 2423 928 2476 du
963 2425 1133 2477 sicher
1157 2420 1324 2478 ruhn'.

409 2492 625 2555 quicum
672 2490 846 2543 bebalt
887 2492 1142 2557 dieJenige
1185 2492 1361 2559 Allge·

342 2557 590 2611 meinheit
623 2557 728 2610 und
760 2558 1240 2625 Unbestimmtheit‚
1276 2560 1360 2613 die

340 2640 397 2678 es
433 2625 510 2677 als
533 2624 954 2693 interrogativum
985 2629 1089 2693 hat,
1125 2628 1254 2680 auch
1281 2627 1359 2680 als

337 2692 630 2746 Relativum
655 2693 756 2759 bei,
779 2694 951 2747 indem
976 2710 1034 2748 es
1052 2695 1162 2749 sich
1180 2696 1362 2749 immer

247 2814 252 2822 ,
338 2778 434 2815 nur
476 2761 568 2813 auf
599 2759 1004 2817 Unbestimmtes
1047 2764 1151 2817 und
1187 2764 1360 2831 Alige-

337 2831 533 2883 meines
570 2831 788 2883 bezieht.

407 2897 516 2962 Qui
547 2904 678 2950 esset
711 2898 785 2951 fra
827 2900 999 2952 tnach
1024 2899 1141 2952 dem
1168 2898 1357 2953 Wesen

341 2968 443 3017 und
473 2965 563 3018 der
582 2966 778 3019 Bescha
821 2967 993 3021 enheit
1013 2962 1193 3031 (‘Was’
1223 2971 1360 3021 wire

342 3033 432 3084 der
465 3033 700 3099 Genuss),
751 3038 872 3102 quis
907 3040 1041 3088 esset
1073 3036 1204 3089 nach
1241 3036 1359 3089 dem

343 3099 540 3152 Numen
563 3102 666 3154 und
684 3102 868 3155 Daseia
894 3099 1026 3168 (‘wo
1051 3104 1222 3157 bliebe
1248 3100 1358 3170 ω’).

341 3169 396 3220 ln
449 3168 634 3221 beiden
681 3168 858 3223 Pallen
906 3171 1070 3225 lautet
1117 3173 1228 3225 hier
1275 3173 1359 3225 die

342 3238 582 3290 Antwort
603 3235 800 3289 Nullus
829 3245 978 3303 essct,
1014 3240 1146 3294 doch
1169 3242 1221 3294 in
1247 3256 1360 3294 ver·-

343 3303 667 3358 schiedenem
705 3303 878 3361 sinae.

315 3395 319 3400 ·
414 3376 624 3425 ceterae
646 3390 734 3425 res
753 3402 816 3411 —
839 3378 1101 3428 amicilia:
1140 3378 1205 3428 de
1227 3382 1362 3428 cete-

344 3445 423 3494 ris
456 3444 614 3493 rebus
638 3468 702 3481 -··
730 3441 794 3492 de
830 3445 1072 3496 amicitia
1106 3442 1172 3496 lv
1193 3446 1273 3496 16.

412 3512 571 3561 robus
603 3506 724 3571 fere
755 3512 989 3575 singulis
1028 3510 1151 3563 ‘fast
1183 3511 1362 3563 immet

346 3576 648 3643 (gewohnl.)
664 3593 759 3630 nur
769 3578 852 3630 fiir
865 3578 1095 3632 einzelne
1109 3572 1362 3633 Zwecke'.

413 3650 477 3696 ut
506 3650 663 3697 utare
701 3638 812 3699 ‘um
849 3650 1014 3700 etwas
1047 3646 1362 3713 drausgehen

347 3728 408 3764 ιιι
445 3706 660 3767 lassen':
698 3730 824 3782 opes
857 3721 921 3767 ut
955 3716 1134 3769 colare
1169 3714 1363 3769 Macht-

347 3781 538 3844 mittel,
581 3796 668 3833 um
718 3782 828 3836 sich
873 3784 972 3838 den
1009 3783 1111 3838 Hos
1148 3784 1364 3837 macheu

347 3864 411 3900 zu
458 3848 627 3900 lassen
685 3851 809 3916 (ng.
855 3852 962 3906 vlu
999 3855 1066 3906 26
1112 3853 1366 3904 coluntur

347 3921 399 3967 et
431 3918 822 3983 observantur-k
859 3920 1078 3973 laudam·
1102 3920 1365 3973 Anci-ken-

1462 1963 1604 2014 nung
1627 1946 1817 2012 finden,
1847 1947 2092 2013 gaudere
2114 1948 2219 2012 (bei
2243 1947 2484 2014 volupta—

1464 2022 1537 2068 tes
1558 2015 1879 2099 Sinnenlust)
1914 2015 2180 2080 geniersen
2213 2015 2479 2100 (absolut).

1460 2082 2091 2219 coxmoldzttlzrsfs’vgvlp
2101 2084 2480 2206 ἐὲῐῗιέῑηωω

1529 2222 1660 2275 locis
1698 2222 1951 2289 pluribus
1996 2221 2066 2273 im
2104 2221 2379 2275 Auschlufs
2414 2238 2480 2274 an

1460 2306 1674 2357 quoquo
1711 2296 1758 2341 tc
1789 2293 2014 2341 verteris
2047 2289 2151 2342 und
2186 2291 2336 2341 nullo
2362 2291 2478 2342 loco

1460 2358 1571 2423 (aus
1616 2357 1699 2409 die
1740 2358 1900 2423 Frage
1946 2358 2107 2420 undo)
2154 2358 2481 2424 excluditur,

1462 2425 1585 2477 aber
1609 2440 1651 2478 s.
1666 2440 1715 2475 v.
1734 2439 1777 2477 a.
1798 2425 1882 2477 bei
1900 2424 2044 2477 mehr
2062 2424 2479 2490 Gelegenheiten.

1461 2492 1579 2559 vgl.
1624 2492 1811 2543 multia
1845 2494 1977 2543 locis
2008 2491 2116 2545 xm
2140 2496 2204 2546 47
2244 2493 2345 2545 und
2381 2495 2482 2545 hoc

1463 2562 1579 2612 loco
1612 2559 1728 2613 xlx
1754 2562 1838 2613 67.

1530 2629 1813 2681 mediocris
1830 2628 1972 2681 steht
1989 2631 2119 2681 stets
2134 2629 2479 2696 vettingen-nd.

1461 2696 1609 2750 Auch
1644 2696 1737 2749 das
1759 2696 1891 2751 Adv.
1916 2697 2263 2749 mediocriter
2291 2697 2481 2751 bedeu-

1463 2769 1539 2817 tet
1572 2765 1753 2818 immer
1784 2758 1898 2818 ‘nur
1927 2760 2353 2831 einigermassen’,
2398 2766 2482 2819 nie

1459 2827 1715 2885 ‘wirklich
1745 2826 2171 2900 einigermatsen'.

1529 2917 1666 2968 quae
1712 2907 1889 2953 tamen
1931 2906 2050 2968 ipsa
2102 2900 2315 2955 obwohl
2349 2902 2481 2954 auch

1462 2969 1604 3022 diese
1636 2969 1813 3023 sehon.
1974 3014 1979 3021 ,

1530 3043 1625 3103 qui
1655 3041 1820 3104 pauci
1851 3038 1999 3103 (Cato
2022 3035 2091 3090 M.
2116 3034 2230 3089 xlv
2257 3039 2324 3089 46
2361 3054 2483 3089 cum

1462 3106 1801 3171 aequalibus,
1850 3108 1943 3171 qui
1978 3108 2152 3189 pauci
2195 3106 2483 3156 admodum

1461 3178 1685 3235 restant)
1738 3172 1935 3224 welche
1999 3187 2095 3224 nur
2143 3172 2195 3225 in
2246 3174 2483 3240 geringer

1463 3235 1600 3294 Zahl'
1642 3239 1765 3294 oder
1792 3234 1986 3293 ‘deren'
2026 3255 2121 3292 nur
2155 3241 2375 3306 wenige.

1529 3308 1671 3361 Nam
1706 3312 1847 3359 οἰ-
1875 3314 1943 3361 et.
2012 3306 2104 3359 Die
2140 3306 2485 3375 Begriindung

1465 3383 1600 3442 sagt:
1642 3376 1725 3429 die
1744 3376 1940 3439 (wahre
1958 3376 2062 3428 und
2080 3376 2483 3443 vollkommene)

1463 3444 1837 3497 Freundschast
1858 3445 1928 3497 ist
1952 3445 2147 3497 ebenso
2174 3446 2483 3498 unentbehr-

1463 3511 1567 3565 lich
1603 3512 1670 3564 im
1708 3512 1874 3565 Gliiclt
1912 3512 2011 3565 wie
2045 3512 2116 3565 im
2151 3513 2405 3581 Unglfick.

1498 3592 1501 3594 ’
1529 3583 1777 3648 partiens
1811 3585 1899 3647 (-
1934 3582 2180 3635 dividens
2200 3585 2261 3633 in
2278 3582 2483 3649 partes)

1467 3652 1989 3716 communicansque:
2020 3649 2102 3701 die
2115 3648 2485 3702 Freundschast

1466 3716 1579 3782 (das
1632 3716 2118 3770 freundschassliche
2176 3716 2483 3780 Verhfiltnis,

1466 3784 1601 3837 denn
1650 3788 1893 3838 amicitia
1939 3786 2009 3837 ist
2053 3783 2296 3850 subjekt,
2343 3784 2485 3837 nicht

1468 3855 1691 3920 amicus)
1735 3854 1849 3906 teilt
1894 3851 1985 3905 dae
2021 3850 2259 3920 Ungldck
2294 3852 2483 3916 (indem

1467 3922 1544 3975 sie
1579 3936 1637 3975 es
1660 3922 1751 3975 aus
1772 3921 1854 3975 die
1877 3919 2111 3975 Freunde
2133 3922 2357 3987 verteilt)
2382 3919 2484 3974 und
