2850 4450
1091 285 1250 343 xxiv
1275 289 1340 342 89
1354 315 1417 329 -
1431 285 1571 340 XXV
1594 287 1678 341 93.
2378 287 2457 346 75

484 460 656 522 XXV.
714 460 792 522 Ut
834 461 1021 540 igitur.
1059 469 1120 524 et
1151 477 1399 523 monere
1430 459 1753 523 et-moneri
1796 459 2106 539 proprium
2150 468 2244 522 est
2267 478 2455 523 verae
2499 471 2558 522 91

316 545 600 607 amicitiae
631 545 691 607 e't
718 545 969 610 alterum
998 544 1185 608 libere
1215 546 1430 618 facere,
1462 563 1586 606 non
1618 562 1845 624 aspere,
1882 543 2132 606 alterum
2160 545 2459 626 patienter

316 631 626 711 accipere,
651 649 774 693 non
818 640 1242 712 repugnanter,
1293 629 1380 692 sic
1421 629 1762 692 habendum
1807 637 1899 691 est
1934 629 2156 691 nullam
2199 629 2262 692 in
2308 631 2459 694 ami·

314 716 468 778 citiis
498 724 723 796 pestem
752 733 884 778 esse
910 716 1195 778 maiorem
1219 729 1396 794 quam
1427 715 1845 789 adulationem,
1868 714 2229 790 blanditiam,
2252 733 2459 778 assen-

309 801 632 877 tationem3
661 801 926 881 quamvis
945 801 1106 863 enim
1135 800 1337 865 multis
1353 798 1715 866 ·.n0minibus
1744 809 1837 862 est
1862 800 1978 861 hoc
2005 799 2208 864 vitium
2241 809 2455 865 notan-

316 887 454 948 dum
501 885 717 948 levium
760 887 1072 949 hominum
1117 895 1295 965 atque
1339 884 1635 948 fallacium
1678 885 1751 947 ad
1793 885 2159 948 voluntatem
2202 886 2457 966 loquen-

315 971 462 1032 tium
507 971 740 1046 omnia,
784 971 934 1034 nihil
975 972 1048 1034 ad
1093 971 1417 1033 veritatem.
1506 969 1655 1034 Cum
1698 979 1893 1033 autem
1942 970 2208 1034 omnium
2253 988 2455 1035 rerum
2498 977 2562 1032 92*

312 1056 606 1118 simulatio
647 1057 854 1120 vitiosa
877 1065 991 1118 est
1033 1056 1214 1132 (tollit
1240 1055 1400 1118 enim
1430 1055 1715 1118 iudicium
1741 1056 1867 1117 veri
1900 1056 2080 1136 idque
2123 1056 2453 1135 adulterat),

312 1152 438 1203 tum
490 1142 776 1205 amicitiae
827 1149 1126 1222 repugnat
1171 1141 1451 1218 maxime;
1510 1141 1669 1204 delet
1718 1140 1879 1204 enim
1928 1141 2232 1204 veritatem
2250 1189 2266 1217 ,
2324 1142 2455 1205 sine

313 1244 426 1306 qua
469 1245 688 1290 nomen
743 1227 1032 1294 amicitiae
1073 1227 1267 1288 valere
1318 1244 1443 1289 non
1488 1235 1705 1306 potest.
1792 1226 1940 1288 Nam
1986 1241 2123 1288 cum
2164 1227 2455 1290 amicitiae

309 1312 395 1374 vis
446 1312 522 1374 sit
572 1313 635 1375 in
681 1329 773 1388 eo,
826 1321 893 1374 ut
933 1330 1093 1374 unus
1144 1311 1312 1391 quasi
1363 1311 1599 1373 animus
1649 1313 1752 1374 flat
1794 1329 1868 1373 ex
1910 1310 2220 1393 pluribus,
2251 1313 2352 1393 qui
2396 1314 2454 1375 id
2536 1347 2541 1350 ·

311 1397 439 1458 fleri
491 1397 745 1477 poterit,
800 1397 852 1458 si
899 1415 974 1460 ne
1017 1397 1079 1459 in
1123 1415 1248 1460 uno
1292 1395 1535 1475 quidem
1580 1415 1819 1476 quoque
1841 1415 2021 1459 -unus
2060 1398 2295 1460 animus
2345 1397 2457 1460 erit

311 1481 587 1561 idemque
629 1498 896 1562 semper,
940 1481 1043 1544 sed
1087 1481 1299 1555 varius,
1343 1481 1811 1554 commutabilis,
1856 1482 2164 1562 multiplex
2181 1463 2294 1544 ‘W
2298 1482 2455 1555 Quid
2496 1490 2558 1543 93

315 1567 474 1628 enim
517 1574 716 1646 potest
745 1583 876 1629 esse
902 1576 1022 1631 tam
1053 1565 1330 1639 flexibile,
1375 1574 1494 1627 tam
1540 1565 1793 1642 devium,
1839 1585 2015 1646 quam
2045 1568 2280 1631 animus
2309 1569 2454 1641 eius,

313 1652 416 1729 qui
459 1650 532 1711 ad
575 1651 815 1714 alten‘us
861 1670 990 1714 non
1043 1652 1221 1713 modo
1275 1667 1516 1714 sensum
1562 1669 1633 1714 ac
1674 1650 2073 1727 voluntatem,
2123 1653 2228 1715 sed
2278 1653 2457 1715 etiam-

312 1736 539 1799 vultum
583 1746 758 1816 atque
804 1745 1018 1800 nutum
1063 1733 1476 1799 convertitur?

313 1936 403 1990 der
446 1953 540 1991 aus
576 1938 692 1991 dem
728 1938 853 1992 Cato
889 1937 959 1994 Μ.
996 1938 1333 2006 angerahnen

315 2003 478 2060 Stelle
501 2007 648 2073 quod
670 2007 812 2059 scine
835 2006 1132 2076 Epexegese
1168 2005 1333 2059 durch

313 2077 380 2126 ab
403 2076 500 2127 illo
519 2091 692 2126 meum
707 2077 978 2142 (eremari)
997 2075 1176 2128 erhiilt.
1214 2071 1333 2142 vgl.

312 2158 363 2211 p.
389 2141 558 2204 Quint.
581 2141 787 2197 XXVIII
811 2146 903 2198 87:
939 2143 1222 2211 Reliquum
1252 2147 1334 2194 est

311 2214 375 2262 ul
408 2228 527 2263 eum
559 2227 712 2265 nemo
757 2213 962 2267 iudicio
1009 2211 1330 2274 defenderit.

316 2279 472 2343 Quod
505 2285 688 2333 contra
711 2279 803 2345 (Im
825 2280 1114 2349 Gegenteil)
1148 2284 1329 2347 eopio-

310 2348 516 2413 giuime
566 2346 842 2409 defensum
899 2366 1009 2400 esse
1066 2349 1330 2401 contendi.

313 2411 565 2481 Ubrigens
587 2415 754 2469 haben
777 2416 874 2468 wir
902 2415 1045 2468 nicht
1065 2416 1120 2469 in
1137 2416 1330 2468 delicto

314 2484 490 2535 dolere
526 2484 696 2547 allein,
732 2480 952 2537 sondern
990 2483 1148 2536 durch
1173 2500 1204 2536 c
1226 2480 1332 2536 und

311 2565 354 2616 g
388 2550 518 2603 auch
553 2551 622 2604 im
659 2550 1048 2619 Parallelgliede
1070 2550 1332 2603 Allittera·

313 2621 438 2672 tion.
508 2618 624 2686 Vgl.
660 2618 778 2673 flor.
812 2616 908 2688 Ep.
939 2618 1034 2685 16,
1060 2622 1153 2673 312
1207 2620 1331 2672 Vir-

311 2692 476 2755 tutem
508 2690 666 2739 verba
697 2693 861 2757 putas
885 2692 937 2739 et
959 2689 1137 2740 lumem
1161 2688 1205 2739 l·
1279 2705 1330 2751 a,

311 2756 395 2875 pie
418 2754 634 2877 'guisend
669 2755 751 2809 fur
773 2754 919 2810 Tand
952 2755 1054 2813 und
1077 2755 1178 2809 den
1247 2756 1330 2809 ain

335 2840 395 2877 ur
470 2841 501 2876 o
525 2840 568 2877 z.

379 2908 537 2961 XXV.
572 2912 653 2963 91.
706 2912 760 2959 et
791 2923 1007 2960 monere
1041 2914 1094 2961 at
1124 2911 1333 2961 moneri

313 2977 445 3041 (sich
461 2978 694 3030 erinnem
711 2976 903 3041 lassen)
921 2976 1037 3029 sind
1053 2976 1138 3030 die
1157 2975 1332 3031 korre-

318 3044 726 3164 spcinldieaenden
746 3044 1148 3129 Hauptbegriffe,
1170 3044 1334 3131 durch

312 3127 528 3232 Σῖῧῗαέο
562 3113 874 3246 ἓίἑὲὶωὼβθ
817 3118 873 3164 ‘³‘
892 3114 1332 3236 ’3352’2‘52‘232

317 3249 408 3301 der
431 3248 822 3314 ausgenommen
855 3248 999 3301 wird.
1051 3248 1152 3302 Das
1177 3250 1330 3303 dritte

314 3322 368 3368 et
397 3316 544 3383 (und)
577 3315 692 3383 fugt
736 3316 852 3369 eine
889 3316 1207 3383 erganzende
1239 3315 1329 3370 Er-

1438 1937 1553 1990 dem
1581 1937 2031 2005 voraufgehenden
2048 1945 2110 1991 ut
2133 1944 2248 1998 enta
2287 1941 2453 1993 riche.

1439 2004 1509 2059 So
1542 2005 1678 2069 auch
1712 2005 1766 2057 in
1803 2005 2000 2059 Stellen
2036 2007 2137 2060 wie
2174 2006 2215 2060 Ο
2256 2047 2269 2060 .
2294 2007 2315 2059 1
2344 2011 2391 2075 1,
2424 2013 2448 2062 1

1434 2078 1499 2125 ut
1528 2076 1642 2141 ipse
1674 2072 1798 2140 feei,
1833 2075 1975 2126 idem
2011 2077 2111 2128 tibi·
2150 2091 2334 2128 conseo
2369 2074 2455 2137 fa-

1434 2143 1709 2195 ciendum:
1765 2157 1848 2195 wo
1884 2144 2024 2196 idem
2066 2143 2211 2197 nicht
2256 2143 2337 2198 fiir
2376 2147 2456 2198 sic

1435 2215 1637 2281 gesetzt
1670 2212 1740 2265 ist
1776 2208 1995 2265 sondern
2022 2213 2157 2266 ohne
2176 2215 2277 2277 τίς,
2313 2213 2455 2267 nicht

1430 2284 1511 2332 aie
1547 2280 1769 2348 sondern
1804 2282 1885 2332 sie
1918 2281 2061 2331 idem
2096 2281 2353 2335 bedentet.

1505 2348 1872 2399 adulationem
1906 2345 2214 2404 Kriecherei.

1504 2417 1914 2467 assentationem
1948 2414 2344 2472 Liehedienerei.

1503 2485 1746 2550 quamvis
1778 2482 2070 2549 moglichst.

1502 2550 1800 2602 notandum
1839 2566 1905 2602 zu
1938 2550 2323 2607 kennaeichnen
2339 2590 2355 2617 ,
2389 2568 2453 2608 zu

1433 2617 1826 2671 brandmarken.

1501 2688 1695 2739 levium
1712 2688 1987 2739 hominum
1997 2692 2157 2755 atque
2171 2685 2454 2748 fallacium

1434 2754 1599 2807 erhilt
1618 2754 1778 2808 durch
1796 2756 1939 2808 aeine
1952 2754 2192 2824 Stellung
2209 2753 2293 2810 die
2306 2754 2454 2811 Kraft

1431 2823 1587 2944 plilnea
1595 2823 1999 2944 motlizvierenden
2025 2824 2363 2894 Appositionz
2387 2842 2450 2879 zu

1522 2896 1545 2946 1
1621 2905 1669 2946 a.
1738 2932 1751 2945 .

1503 2961 1577 3012 ad
1590 2960 1920 3015 voluntatem
1930 2960 2061 3013 nach
2078 2954 2451 3021 dem‘Munde'.

1502 3048 1587 3100 92.
1622 3046 1785 3112 idque
1808 3046 2084 3097 adulterat
2106 3046 2208 3099 und
2233 3046 2453 3101 filachet

1432 3113 1601 3179 dicae,
1636 3112 1861 3166 niimlich
1892 3112 1976 3165 die
2012 3111 2309 3177 Wahrheit,
2352 3115 2452 3169 wie

1434 3182 1567 3235 auch
1600 3184 1689 3233 ius
1722 3180 2033 3233 adulterare
2113 3185 2260 3249 engi
2306 3183 2450 3237 wird.

1433 3249 1541 3302 Ans
1559 3250 1823 3304 iudicium,
1857 3248 1995 3304 kann
2022 3266 2057 3301 a
2096 3250 2299 3301 ulter-at
2319 3252 2451 3305 nach

1432 3317 1551 3371 dem
1564 3317 1667 3371 viel
1680 3316 1947 3371 stin-keren
1958 3316 2103 3370 tollit
2118 3318 2259 3371 nicht
2268 3319 2450 3385 gehen.

312 3384 534 3449 klirung
567 3384 739 3437 hinzu.
800 3382 914 3451 Vgl.
951 3388 1332 3437 aut-aut·-

313 3458 411 3504 aut
441 3450 555 3507 XXI
583 3455 666 3505 77.

378 3540 458 3589 sic
481 3537 778 3590 habendum
802 3540 882 3587 eet
913 3534 1101 3604 gehbrt.
1129 3552 1330 3590 zusam-

314 3618 454 3688 mem
498 3605 867 3689 dennfiabere
902 3603 1040 3657 kann
1074 3605 1185 3659 hier
1217 3607 1328 3659 sein

313 3673 1332 3795 331112‘22152332032322‘202asma?

231 3832 234 3835 ⁴
314 3806 513 3861 halten'
559 3809 669 3861 sein
717 3825 775 3862 so
822 3808 927 3863 und
961 3807 1133 3862 datur:
1185 3810 1228 3863 11
1265 3813 1330 3863 10

312 3881 394 3928 sie
415 3878 672 3929 habetote.
712 3876 951 3947 nagegen
976 3878 1044 3930 ist
1067 3877 1331 3945 dasjenige

312 3947 390 3997 sic
423 3944 548 3999 oder
590 3947 668 3996 ita
713 3946 1056 4013 ausgefallen,
1104 3947 1331 4001 welches

1501 3386 1681 3438 valore
1714 3386 1858 3438 aeine
1883 3384 2106 3452 Geltung
2140 3386 2449 3454 behaupten.

1499 3470 1642 3512 unm
1675 3470 1746 3505 σω
1776 3454 2026 3520 pluribus
2059 3451 2175 3510 xx1
2198 3457 2280 3509 81.

1500 3536 1643 3574 unus
1674 3551 1743 3561 -
1775 3522 2044 3589 idemque:
2089 3524 2243 3589 jenes
2286 3523 2451 3577 erhiilt

1434 3590 1611 3643 seinen
1642 3590 1931 3657 Gegensatz
1966 3591 2019 3643 in
2043 3594 2247 3655 varim,
2280 3590 2450 3645 dieses

1431 3659 1487 3710 in
1511 3659 1917 3721 commutabilis,
1953 3657 2132 3712 beiden
2154 3673 2449 3714 zusammen

1432 3728 1485 3778 in
1518 3727 1819 3793 multiplex.

1501 3814 1585 3865 93.
1619 3811 1857 3875 flexibile
1883 3810 2088 3877 haltlos,
2122 3811 2333 3863 devium
2357 3826 2447 3863 un·

1433 3878 1563 3931 stit:
1605 3880 1709 3945 εἰς.
1743 3893 1861 3931 vom
1900 3877 2062 3947 Wege
2090 3879 2160 3931 ab
2196 3878 2322 3932 oder
2355 3894 2449 3933 aus

1436 3946 1553 4000 dem
1588 3946 1796 4001 Geleise
1829 3946 2123 4001 kommend.
