2850 4450
1166 276 1281 331 xxl
1303 275 1587 331 78-xxll
1614 279 1695 331 82.
1777 328 1783 333 .
2410 277 2502 338 69:

357 447 515 510 enim
562 467 626 510 se
671 449 923 529 quisque
969 449 1170 530 diligit,
1219 469 1340 511 non
1387 458 1455 510 ut
1496 448 1751 528 aliquam
1794 467 1827 510 a
1872 466 1935 511 se
1979 448 2107 530 ipse
2153 450 2490 516 mercedem.

357 533 549 612 exigat
592 535 850 598 caritatis
892 553 1050 611 suae,
1095 535 1196 596 sed
1243 534 1400 616 quod
1448 551 1558 614 per
1600 552 1664 596 se
1708 533 1819 596 sibi
1865 534 2138 614 quisque
2161 552 2331 598 carus
2378 544 2484 598 est.

356 616 528 689 Quod
575 619 686 681 nisi
732 619 886 681 idem
929 621 992 682 in
1037 619 1349 683 amicitiam
1394 619 1804 694 transferetur,
1849 636 2023 681 verus
2068 620 2291 685 amicus
2325 639 2487 688 nun-r

355 721 531 782 quam
582 705 916 784 reperietur
927 723 945 781 ;
1001 714 1092 767 est
1140 705 1298 767 enim
1350 704 1420 780 is,
1475 705 1576 783 qui
1631 713 1719 766 est
1768 712 2066 783 tamquam
2117 705 2262 768 alter
2311 705 2484 767 idem.

356 787 528 860 Quod
573 789 621 850 si
665 789 781 852 hoc
823 799 1068 870 apparet
1109 790 1170 851 in
1219 788 1445 864 bestiis,
1489 788 1847 864 volucribus,
1894 789 2195 866 nantibus,
2242 791 2491 872 agresti-
2527 798 2602 858 812

355 872 485 947 bus,
533 873 848 949 cicuribus,
893 875 1054 956 feris,
1079 875 1356 955 primum
1397 882 1464 936 ut
1506 893 1571 936 se
1598 874 2036 955 ipsaediligant
2078 874 2159 952 (id
2191 875 2348 937 enim
2379 894 2486 956 pa·

355 958 503 1020 riter
544 977 678 1020 cum
723 959 887 1021 omni
932 961 1232 1021 animante
1277 958 1580 1038 nascitur),
1639 958 1856 1021 deinde
1913 970 1978 1022 ut
2035 961 2345 1039 requirant
2400 969 2487 1022 at-

355 1062 472 1123 que
501 1052 808 1124 appetant,
839 1044 910 1107 ad
943 1063 1089 1124 quas
1119 1064 1182 1107 se
1214 1043 1534 1124 applicent,
1579 1044 1841 1106 eiusdem
1870 1045 2107 1125 generis
2138 1045 2485 1119 animanteS‚

354 1128 530 1208 idque
578 1130 804 1192 faciunt
845 1147 980 1192 cum
1024 1129 1312 1193 desiderio
1357 1137 1416 1190 et
1461 1147 1596 1191 cum
1629 1128 1879 1209 quadam
1913 1129 2295 1192 similitudine
2326 1149 2487 1193 amo-

353 1214 434 1276 ris
476 1214 738 1292 humani,
783 1223 1010 1295 quanto
1053 1215 1110 1277 id
1153 1215 1338 1296 magis
1378 1215 1440 1276 in
1483 1215 1725 1276 homine
1770 1216 1838 1276 fit
1880 1224 2109 1291 natura,
2164 1217 2265 1296 qui
2312 1225 2370 1278 et
2422 1235 2487 1284 se

352 1299 478 1380 ipse
529 1300 720 1380 diligit
777 1310 837 1362 et
885 1300 1136 1362 alterum
1191 1300 1470 1380 anquirit,
1522 1300 1691 1362 cuius
1742 1301 2005 1363 animum
2059 1301 2139 1362 ita
2188 1319 2322 1364 cum
2377 1321 2489 1364 suo

353 1386 612 1460 misceat,
656 1395 725 1446 ut
767 1386 984 1446 efficiat
1024 1403 1214 1465 paene
1258 1402 1447 1446 unum
1492 1404 1564 1446 ex
1606 1384 1869 1447 duobus!

520 1467 700 1530 XXII.
747 1468 862 1530 Sed
892 1471 1160 1549 plerique
1191 1487 1487 1550 perverse,
1518 1488 1596 1531 ne
1625 1469 1814 1532 dicam
1842 1469 2239 1550 impudenter,
2270 1470 2487 1533 habere
2528 1475 2601 1536 82:

352 1552 527 1615 talem
574 1554 824 1616 amicum
869 1555 1094 1629 volunt,
1141 1555 1345 1634 quales
1389 1554 1503 1634 ipsi
1547 1572 1674 1616 esse
1719 1573 1841 1616 non
1886 1565 2170 1635 possunt,
2217 1574 2488 1636 quaeque

353 1639 464 1718 ipsi
524 1656 646 1699 non
708 1638 982 1701 tribuunt
1039 1639 1269 1713 amicis,
1330 1641 1477 1702 haec
1533 1638 1607 1700 ab
1659 1640 1731 1702 iis
1787 1639 2139 1702 desiderant.
2228 1641 2344 1702 Par
2400 1651 2493 1703 est·

237 1783 241 1790 ,
354 1731 548 1785 autem
589 1723 848 1803 primum
879 1724 1073 1804 ipsum
1102 1743 1232 1787 esse
1259 1725 1452 1788 virum
1482 1725 1729 1801 honum,
1774 1734 1898 1790 tum
1942 1725 2192 1790 alterum
2236 1725 2487 1788 similem

353 1808 444 1869 sui
476 1826 781 1887 quaerere.
852 1809 919 1870 In
962 1809 1177 1872 talibus
1211 1827 1296 1886 ea,
1339 1828 1517 1889 quam
1558 1809 1897 1872 iamdudum
1926 1819 2264 1887 tractamuS,
2307 1810 2487 1873 stabi-

353 1891 484 1955 litas
543 1893 832 1956 amicitiae
885 1894 1221 1957 confirmari
1278 1903 1494 1975 potest,
1556 1913 1690 1957 cum
1750 1896 2022 1958 homines
2079 1895 2489 1957 benevolentia

353 1978 659 2040 coniuncti
690 1979 946 2059 primum
977 1979 1412 2060 cupiditatibus,
1459 1981 1531 2042 iis
1560 1979 1777 2059 quibus
1820 1981 2000 2043 ceteri
2046 1981 2330 2056 serviunt,
2376 1983 2488 2042 im-

349 2164 636 2227 naturalz's)
660 2167 740 2214 vis
763 2165 1054 2216 amicitiae.
1104 2163 1253 2216 Sinn:
1282 2163 1372 2218 die*

351 2230 609 2284 erkennen
655 2232 798 2285 nicht
837 2248 902 2285 an
939 2233 1048 2286 sich
1085 2232 1248 2286 selbst
1284 2232 1366 2285 die

353 2298 543 2357 scbdne
561 2299 778 2365 (qualis)
798 2300 903 2353 und
921 2299 1006 2353 die
1025 2300 1160 2353 boh‘e
1178 2302 1371 2366 (quam

354 2368 428 2431 ta)
451 2365 752 2433 Bedeutung
788 2366 955 2420 dieser
983 2367 1366 2420 Freundschal't.

422 2432 580 2497 Quod
604 2434 747 2485 idem
780 2434 965 2501 gehfirt
997 2449 1307 2488 zusammen.

420 2505 468 2551 is
513 2504 608 2568 qut·
649 2501 892 2567 Subjekt:
943 2502 1077 2555 denn
1125 2502 1216 2555 das
1260 2502 1365 2567 (ein

355 2569 557 2622 wahrer
588 2569 806 2635 Freund)
849 2571 920 2623 ist
961 2586 1056 2623 nur
1091 2569 1368 2638 derjenige.

422 2639 504 2693 81.
520 2638 844 2705 volucribus,
861 2640 1132 2701 nantibus,
1145 2642 1370 2705 agresti·

366 2707 462 2757 bus
497 2706 568 2758 ist
602 2705 694 2758 das
731 2712 882 2770 erste,
919 2709 1203 2772 cient-ibus,
1239 2706 1376 2768 feris

353 2774 444 2826 das
477 2773 676 2827 ..zweite
723 2773 870 2829 Glied
919 2774 1009 2827 der
1042 2774 1369 2842 Apposition.

351 2840 423 2893 Zu
441 2843 618 2907 jenem
643 2842 746 2910 vgl.
765 2840 950 2895 Herod.
967 2841 1008 2895 11
1030 2844 1154 2896 123:
1183 2845 1370 2896 πάντα

355 2912 426 2959 τὰ
465 2920 689 2979 χερσατα
729 2916 820 2962 καὶ
857 2914 928 2963 τὰ
964 2907 1244 2963 θαλάσσια
1278 2916 1368 2964 καὶ

356 2979 426 3027 τὰ
448 2982 674 3031 πετεινά
692 2980 864 3042 (ηὲωΙ.
880 2981 1032 3046 ζῶα).
1055 2978 1376 3046 Umgekehrt·

355 3042 507 3113 243
533 3044 684 3099 Tusc.
709 3046 728 3098 1
757 3049 840 3112 26,
864 3052 960 3102 64:
991 3054 1058 3100 ut
1079 3052 1258 3101 omnia
1282 3064 1369 3099 su-

345 3110 723 3232 Zssb'sszl'ssss'ssffi
782 3117 1368 3238 'fimf’ffil‘ss'g‘f'ffi‘ffss‘'

660 3220 672 3241 9
761 3222 772 3234 ι
841 3219 856 3234 ο
1009 3224 1024 3249 ,
1123 3222 1136 3235 ο
1346 3212 1368 3223 ·

353 3250 618 3315 ruspieer,
655 3264 916 3315 augures,
953 3252 1179 3318 harioli,
1221 3259 1368 3305 vates

354 3319 678 3372 coniectores
728 3320 882 3369 nobis
942 3326 1110 3371 essent
1159 3321 1371 3372 eolendi

353 3388 371 3449 (
387 3384 760 3451 Opferschauer
832 3385 933 3438 und
1003 3386 1368 3454 Vogeldeuter,

354 3451 679 3520 Wahrsager,
703 3452 996 3520 Propheten
1032 3455 1135 3508 und
1161 3453 1370 3508 Traum-

355 3522 624 3588 ausleger).
1367 3556 1370 3561 Δ

422 3590 482 3641 id
502 3592 662 3655 enim,
681 3588 902 3641 nimlich
920 3592 985 3641 ut
1003 3606 1060 3639 se
1083 3593 1230 3656 ipsae
1249 3591 1372 3642 dili-

351 3662 504 3721 gant,
541 3657 622 3710 die
657 3656 984 3709 Selbstliehe.

423 3727 482 3774 in
527 3726 737 3777 homino
784 3724 862 3787 fit.
935 3723 1179 3777 Weshalb
1223 3725 1370 3778 dies?

358 3789 491 3843 Weil
540 3806 594 3844 er
639 3793 714 3845 als
762 3794 845 3845 ein
881 3792 1371 3859 vernunfthegabtes

358 3856 548 3912 Wesen
574 3860 705 3911 noch
724 3862 867 3913 mehr
890 3865 1252 3927 congruenter
1276 3878 1373 3913 na-

356 3931 510 3979 turae
545 3930 1018 3996 convenienterque
1053 3932 1199 3983 vivit.

1532 2166 1635 2233 qui
1666 2159 1855 2217 ‘itidem
1892 2157 1969 2217 er'
2010 2164 2241 2217 schliefst
2277 2164 2387 2217 sich
2422 2180 2497 2217 an.

1470 2235 1529 2284 in
1554 2235 1765 2285 homine
1789 2248 1870 2297 an,
1908 2234 2150 2286 wahrend
2174 2248 2291 2286 man
2315 2234 2368 2285 in
2392 2233 2488 2287 Be-

1468 2300 1687 2367 ziehung
1722 2301 1817 2359 auf
1846 2301 1907 2352 id
1938 2300 2188 2353 vielmehr
2224 2302 2367 2367 quod
2412 2316 2490 2354 er-

1470 2372 1653 2420 wartet
1700 2367 1857 2420 hatte.
1928 2368 2053 2420 Cato
2101 2367 2169 2421 Μ.
2206 2368 2359 2421 xxm
2395 2371 2485 2423 85:

1469 2434 1626 2499 Quod
1638 2437 1689 2485 si
1704 2438 1764 2487 in
1782 2437 1882 2487 hoc
1901 2452 2040 2499 erro,
2062 2439 2158 2511 quj
2174 2437 2364 2501 (indem
2384 2436 2491 2503 ich).

1467 2505 1677 2555 animos
1711 2505 1985 2556 hominum
2008 2506 2345 2557 immortales
2378 2521 2486 2557 esse

1472 2571 1712 2633 eredam3
1767 2571 1831 2631 de
1866 2588 1940 2625 or.
1975 2571 2034 2624 111
2072 2574 2156 2638 48,
2186 2575 2305 2627 184:
2347 2574 2489 2626 illud

1472 2641 1737 2691 assentior·
1765 2639 2148 2707 Theophrasto,
2182 2644 2297 2707 qui.
2304 2647 2485 2709 putat.

1537 2722 1707 2759 unum
1751 2724 1821 2759 σω
1867 2708 2101 2761 duobus:
2152 2708 2292 2761 XXV
2324 2712 2390 2763 92
2424 2714 2488 2761 ut

1470 2790 1611 2831 unus
1628 2779 1782 2841 quasi
1796 2778 2009 2827 animus
2019 2776 2121 2839 fiat
2137 2794 2207 2829 σω
2217 2777 2485 2843 pluribus.

1538 2842 1689 2897 xxn.
1716 2846 1798 2898 82.
1833 2846 2028 2896 habere
2051 2844 2187 2898 kann
2212 2845 2321 2898 hier
2344 2846 2495 2899 nicbt'

1474 2912 1711 2965 entbehrt
1755 2911 1982 2965 werden.
2052 2913 2121 2965 Es
2166 2912 2350 2967 driickt
2396 2914 2485 2967 be-

1471 2980 1667 3033 stimmt
1702 2996 1809 3044 aus,
1846 2980 1957 3033 dass
1983 2982 2058 3033 sie
2082 2996 2140 3034 so
2166 2981 2264 3034 den
2283 2980 2483 3035 Freund

1472 3048 1552 3100 fur
1596 3048 1703 3101 ihre
1749 3047 1943 3100 Person
2002 3049 2167 3101 haben
2213 3050 2493 3115 (besitzen)

1472 3115 1688 3181 wellen,
1724 3115 1967 3168 wiht-end
2003 3115 2135 3169 ohne
2172 3118 2363 3168 habore
2396 3132 2485 3170 zu-

1471 3184 1651 3235 nachst
1685 3198 1780 3236 nur
1803 3184 1917 3236 eine
1940 3183 2244 3250 allgemeine
2262 3185 2484 3249 (theore-

1471 3252 1653 3317 tische)
1688 3251 1984 3320 Forderung
2021 3252 2319 3318 ausgestellt
2356 3269 2493 3308 werzv

1470 3319 1566 3372 den
1607 3319 1797 3373 wurde.
2488 3356 2493 3367 ·

1481 3424 1485 3428 -
1537 3388 1730 3439 similis
1769 3388 1872 3441 und
1907 3388 2181 3440 dissimilis
2204 3389 2319 3441 ·mit
2367 3389 2482 3442 dem

1472 3454 1687 3507 Genetiv
1711 3456 1957 3509 bedentet
1980 3456 2255 3524 eigentlich
2272 3484 2343 3497 -
2362 3457 2483 3511 sub·

1472 3523 1773 3577 stantivisch
1792 3552 1861 3564 —
1878 3524 2130 3578 Ebenbild
2156 3524 2258 3578 und
2284 3525 2481 3593 Gegen—

1473 3590 1605 3654 hild,
1659 3591 1762 3643 und
1808 3592 2108 3646 bezeichnet
2152 3592 2307 3645 somit
2353 3598 2492 3646 stete

1474 3659 1587 3711 eine
1616 3658 1988 3726 allgemeinere,
2008 3660 2483 3727 durchgreifendere

1472 3725 1577 3780 und
1613 3726 1999 3781 wesentlicbere
2036 3728 2381 3784 Ahnlichkeit.

1540 3796 1808 3847 stabilitas
1828 3794 2279 3862 Dauerbastigkeit,
2304 3812 2367 3849 zu
2390 3812 2484 3849 un-

1476 3862 1794 3916 terscheiden
1829 3879 1931 3916 von
1967 3862 2212 3925 firmitas.

1544 3932 1939 3998 cupiditatibus,
1962 3935 2031 3983 iic
2055 3934 2259 4000 quibus.
2314 3931 2489 3985 Dutch.
