2850 4450
321 215 326 220 .
375 263 461 325 56
755 297 760 305 .
1073 263 1342 319 LAELIUS
1375 263 1461 318 DE
1494 263 1801 321 AMICITIA.

383 449 460 500 ne
506 435 647 516 quid
703 435 764 497 in
824 445 1041 500 terram
1097 437 1343 510 defluat,
1398 445 1502 500 aut
1545 457 1621 500 ne
1662 438 1797 519 plus
1838 455 2029 516 aequo
2074 437 2214 516 quid
2258 437 2321 498 in
2366 437 2515 500 ami-

277 533 342 586 59
382 521 578 584 citiam
609 531 985 600 congeratur.
1045 520 1282 584 Tertius
1309 539 1449 585 vero
1480 522 1579 584 ille
1606 523 1743 586 finis
1772 521 2141 597 deterrimum
2184 529 2270 595 ut,
2308 523 2514 601 quanti

383 605 635 686 quisque
684 624 747 668 se
799 607 926 688 ipse
975 606 1178 681 faciat,
1228 607 1378 669 tanti
1429 608 1531 668 fiat
1578 606 1649 669 ab
1700 607 1922 670 amicis.
2008 607 2200 687 Saepe
2244 607 2404 669 enim
2446 608 2510 668 in

385 690 740 771 quibusdam·
791 699 892 754 aut
950 691 1183 754 animus
1230 691 1525 756 abiectior
1578 701 1667 756 est
1724 702 1825 755 aut
1878 709 2016 773 spes
2069 692 2513 772 amplificandae

382 776 658 841 fortunae
713 776 972 839 fractior.
1058 776 1192 839 Non
1251 786 1341 839 est
1392 777 1575 856 igitur
1626 778 1799 841 amici
1856 778 2033 840 talem
2077 797 2207 841 esse
2248 779 2311 840 in
2356 795 2511 851 eum,

386 861 574 941 qualis
628 860 726 924 ille
783 863 846 924 in
890 876 974 924 se·
997 869 1118 936 est,
1175 862 1279 924 sed
1335 862 1536 942 potius
1592 864 1737 926 eniti
1791 872 1852 926 et
1895 863 2163 938 efficere,
2222 872 2289 926 ut
2342 862 2513 924 amici

383 947 674 1009 iacentem
704 947 966 1009 animum
1010 947 1224 1010 excitet
1263 947 1623 1028 inducatque
1664 949 1725 1010 in
1771 967 1937 1029 spem
1979 949 2517 1029 cogitationemque

385 1032 710 1095 meliorem.
800 1032 964 1095 Alius
1007 1032 1189 1112 igitur
1227 1033 1363 1094 finis
1403 1051 1573 1095 verae
1612 1033 1897 1096 amicitiae
1926 1034 2379 1096 constituendus
2408 1043 2517 1108 est,

385 1117 436 1180 si
478 1117 666 1198 priua,
709 1117 850 1197 quid
893 1117 1143 1179 maxime
1184 1117 1623 1197 reprehendere
1662 1119 1861 1198 Scipio
1904 1119 2111 1182 solitus
2152 1119 2246 1193 sit,
2294 1118 2518 1180 dixero.

383 1200 649 1281 Negabat
700 1202 880 1267 ullam
932 1220 1140 1265 vocem
1197 1203 1585 1268 inimiciorem
1632 1204 1920 1268 amicitiae
1962 1205 2227 1284 potuisse
2269 1204 2523 1284 reperiri

387 1305 562 1367 quam
594 1287 739 1360 eius,
771 1288 874 1367 qui
904 1287 1144 1350 dixisset
1172 1287 1251 1349 ita
1279 1305 1479 1350 amare
1510 1298 1807 1369 oportere,
1841 1298 1907 1352 ut
1936 1289 1986 1352 si
2017 1289 2331 1369 aliquando
2364 1298 2517 1352 esset

388 1391 618 1435 osurus.
703 1372 826 1434 Nec
865 1391 1006 1435 vero
1048 1391 1112 1434 se
1152 1372 1362 1434 adduci
1404 1391 1599 1456 posce,
1650 1385 1717 1436 ut
1758 1375 1889 1448 hoc,
1944 1393 2119 1454 quem
2160 1376 2231 1436 ad
2274 1374 2513 1436 modum

385 1466 727 1538 putaretur,
773 1471 807 1518 a
848 1457 1058 1520 Biante
1089 1477 1216 1521 esse
1261 1458 1487 1521 dictum
1530 1460 1817 1532 crederet,
1863 1459 1964 1540 qui
2008 1461 2243 1541 sapiens
2285 1460 2515 1522 habitus

387 1552 545 1610 esset
586 1560 744 1605 unus
788 1561 822 1604 e
865 1550 1124 1624 septem3
1168 1543 1388 1623 impuri
1431 1544 1733 1607 cuiusdam
1778 1556 1882 1607 aut
1922 1545 2215 1608 ambitiosi
2260 1553 2363 1606 au't
2393 1563 2515 1606 om-

283 1671 292 1678 ,
388 1629 484 1690 nia
529 1628 599 1690 ad
645 1639 814 1690 suam
857 1628 1182 1708 potentiam
1225 1629 1559 1708 revocantis
1610 1648 1739 1692 esse
1788 1631 2160 1693 sententiam.
2249 1630 2521 1703 Quonam

387 1714 546 1775 enim
590 1713 766 1774 modo
811 1713 1122 1793 quisquam
1165 1713 1390 1776 amicus
1434 1731 1585 1776 esse„
1606 1716 1827 1794 poterit
1876 1716 1962 1790 ei,
2020 1716 2117 1778 cui
2172 1735 2237 1778 se
2293 1715 2520 1798 putabit

388 1798 698 1861 inimicum
742 1815 872 1860 esse
915 1795 1136 1878 posse?
1192 1797 1350 1870 Quin
1381 1798 1559 1861 etiam
1604 1817 1847 1863 necesse
1892 1801 2007 1862 erit
2048 1819 2269 1881 cupere
2312 1811 2369 1864 et
2410 1819 2516 1880 op-

1512 1978 1724 2040 o’walau
1768 1987 1947 2050 ἄνειν,
1992 1988 2069 2037 ὥς
2110 1983 2318 2052 ἥξοντα·
2356 1967 2519 2040 mih&

1510 2055 1586 2104 ele
1620 2049 1714 2104 0252
1744 2071 1869 2105 υσιν
1900 2059 1993 2105 καὶ
2028 2053 2233 2122 φιλίαν.
2498 2083 2503 2087 ·

1545 2187 1559 2200 ⁰
1578 2119 1691 2172 Nee
1737 2137 1863 2174 vero
1910 2121 2041 2175 auch
2078 2137 2169 2188 gar
2203 2123 2355 2190 nicht,
2390 2123 2517 2176 auch

1510 2202 1739 2243 nlmmel'.
1812 2223 1818 2227 ·

389 1981 622 2103 ἷοᾶιεὶιι.
680 1981 884 2036 flierbei
906 1982 1044 2035 kann
1067 1988 1232 2036 etwas
1267 1989 1408 2050 weg·-

411 2050 547 2102 allen
593 2050 914 2116 (exciam),
953 2049 1191 2103 verloren
1224 2051 1408 2118 gehen,

390 2118 551 2169 bever
596 2132 653 2169 ee
698 2117 778 2168 ins
825 2113 957 2170 Mafa
1035 2117 1236 2184 elangt‚
1284 2118 1408 2172 oder

388 2199 508 2239 vom
530 2184 707 2237 vollen
729 2182 862 2238 Mars
893 2199 985 2238 zur
1049 2184 1138 2239 rde
1169 2186 1407 2240 ablaufen

389 2255 471 2319 (in
493 2258 694 2305 terram
716 2253 982 2319 defluere),
1016 2253 1140 2307 oder
1170 2253 1262 2307 auf
1291 2254 1406 2307 dem

389 2322 567 2375 vollen
632 2320 767 2375 Mase-
828 2320 1128 2389 nufgehfiuft
1201 2322 1408 2376 werden

391 2392 671 2457 ‹ew-0·
859 2459 872 2471 .
948 2456 960 2469 .
1169 2425 1173 2429 -
1283 2458 1296 2473 .
1342 2458 1354 2471 .

459 2458 583 2526 plus
594 2473 764 2524 aequo
776 2458 911 2523 quid
917 2471 998 2510 em
1009 2458 1152 2511 mehr
1161 2458 1238 2511 als
1246 2458 1410 2526 billig.

461 2529 544 2580 59.
579 2542 707 2577 vero
743 2540 847 2577 nnn
880 2539 988 2592 gar,
1021 2525 1276 2581 vollende.

459 2596 588 2658 finis
621 2592 1146 2660 Grenzbestimmnng.

461 2664 596 2713 miti
640 2666 694 2713 et
740 2658 956 2722 efficere
1001 2662 1096 2715 mit
1139 2662 1267 2716 aller
1313 2663 1414 2716 An-

395 2734 676 2797 etrengung
709 2727 864 2781 dahin
899 2742 963 2781 zu
997 2729 1212 2784 wirken.

464 2812 717 2865 inducere
748 2814 809 2863 in
829 2829 995 2880 spem:
1031 2815 1136 2882 vgl.
1161 2830 1212 2881 p.
1243 2814 1414 2869 Plano.

401 2884 522 2935 104:
580 2885 732 2943 (tuae
784 2880 1041 2933 lacrimae
1091 2887 1416 2951 vostraeque,

395 2950 636 3014 iudices)
694 2949 890 3014 quibus
945 2964 1044 3015 ego
1101 2965 1298 3016 magno
1355 2954 1416 3003 in

396 3021 542 3069 metu
575 3032 690 3069 meo
723 3020 898 3069 subito
921 3018 1152 3071 inducor
1172 3021 1234 3071 in
1254 3034 1419 3085 spem,

396 3102 491 3138 voe
537 3089 664 3147 cet.;
716 3083 780 3137 de
833 3085 920 3141 off.
966 3086 1005 3139 11
1043 3089 1132 3141 53:
1187 3103 1322 3153 quae
1367 3092 1416 3139 te

394 3156 545 3219 ratio
562 3156 623 3205 in
640 3155 799 3204 istam
813 3170 958 3220 spem
973 3154 1212 3221 induxit,
1233 3160 1299 3207 ut
1314 3160 1415 3209 cet·

464 3238 623 3276 verae
655 3223 928 3275 amicitiae
961 3222 1196 3278 GenetiV.
1385 3278 1388 3283 ,

465 3292 824 3342 inimiciorem
835 3293 1107 3359 amicitiae
1123 3290 1416 3359 Wortspiel'.

462 3378 602 3425 esset
646 3390 851 3427 omme.
933 3374 1155 3444 Subjekt
1204 3376 1274 3430 ist
1325 3375 1416 3429 das

401 3442 765 3495 unbestimmte
799 3436 968 3495 ‘man'
1005 3445 1165 3511 (quis)
1199 3444 1291 3497 des
1325 3448 1417 3497 un'-

399 3509 660 3563 mittelbar
714 3510 1167 3577 vorhergebenden
1221 3512 1416 3565 Sntzes.

399 3576 590 3632 Beaeer'
630 3577 755 3630 aber
799 3579 868 3631 ist
902 3577 992 3631 der
1025 3578 1290 3634 Gedanke:
1337 3582 1415 3632 ita

405 3647 574 3698 odisse
617 3652 885 3713 oportere,
936 3652 1001 3700 ut
1037 3651 1088 3699 si
1122 3648 1414 3729 aliquando

402 3719 536 3767 esset
556 3719 854 3778 amaturus,
887 3716 988 3769 wie
1013 3716 1144 3769 nach
1169 3715 1416 3769 Diodoros

401 3777 489 3834 XII
541 3784 606 3835 20
637 3788 640 3791 ’
676 3780 929 3837 Zaleukoe
990 3779 1149 3851 gebot
1203 3780 1418 3851 μηδένὰ

406 3856 522 3901 τῶν
566 3845 814 3902 πολιτῶν
857 3851 1065 3920 ἐχθρὸν
1115 3846 1415 3904 ainamma-

403 3935 538 3969 κτον
572 3918 730 3983 ἔχειν,
765 3908 881 3971 ἀλλ’
909 3922 1055 3971 οὕτω
1081 3923 1183 3985 τήν
1205 3919 1417 3987 ἔχθραν

1579 2272 1732 2323 quem
1745 2257 1818 2309 ad
1825 2246 2041 2309 modum
2046 2263 2351 2325 putaretur,
2372 2259 2522 2313 nfiml.

1512 2336 1547 2376 a
1578 2325 1772 2377 Biante
1806 2326 2035 2401 dicium
2095 2325 2360 2395 syllepsis,

1550 2422 1553 2427 ·
1580 2411 1796 2461 habitus
1830 2415 1985 2476 esset,
2028 2410 2085 2463 in
2134 2410 2357 2465 direkter
2388 2410 2528 2464 Rede

1512 2479 1727 2529 habitus
1746 2483 1841 2545 est,
1875 2478 2117 2531 wiihrend
2142 2481 2427 2533 haberetur
2450 2480 2529 2532 fiir

1513 2547 1807 2598 habebatur
1862 2547 2040 2600 stehen
2095 2546 2287 2603 warde.
2373 2546 2528 2602 Jenes

1514 2614 1737 2667 erinnert
1789 2614 1899 2667 also
1947 2631 2011 2668 an
2059 2614 2142 2669 die
2183 2616 2397 2684 Abgabe
2440 2616 2529 2669 des

1513 2680 1703 2764 Urteils
1737 2681 1864 2735 fiber
1898 2682 2005 2738 ihu.

1516 2750 2257 2883 auimass‘issaffiissssissssissi?
2266 2749 2531 2870 5233?ss

1516 2885 1606 2938 der
1646 2886 1825 2949 einen,
1866 2891 1967 2937 aut
2009 2886 2153 2953 (oder
2199 2886 2530 2953 wenigstens)

1516 2956 1697 3005 omnia
1734 2954 1826 3005 auf
1855 2954 1945 3006 der
1980 2953 2166 3007 andern
2203 2952 2359 3007 Seite.
2517 2998 2523 3002 .

1574 3024 1876 3088 potentiam
1909 3022 2029 3075 lisst
2062 3038 2126 3074 an
2161 3022 2309 3074 einen
2336 3020 2531 3075 Staats-

1516 3103 1669 3141 mann
1706 3089 1806 3141 wie
1842 3090 1995 3142 Cisar
2028 3088 2133 3143 und
2168 3105 2236 3142 an
2270 3090 2412 3142 aeine
2436 3088 2532 3142 Be-

1516 3155 1800 3223 ziehungen
1835 3174 1897 3210 zu
1935 3157 2212 3228 Pompejne
2246 3156 2462 3211 denken.

1585 3246 1889 3293 revocantis
1922 3241 2012 3296 der
2046 3242 2173 3297 alles
2202 3243 2285 3297 fiir
2308 3242 2390 3296 die
2414 3242 2531 3306 Fore

1518 3307 1713 3375 dei-ung
1758 3310 1925 3363 seiner
1975 3311 2191 3379 eigenen
2234 3310 2405 3364 Macht
2454 3308 2530 3361 als

1517 3376 1623 3430 ihm
1676 3376 2015 3459 zukommend
2066 3382 2146 3445 (ro
2188 3381 2273 3445 -—)
2322 3379 2376 3430 in
2426 3376 2531 3429 An·

1518 3444 2534 3581 {2¹3⁰ss„3¹2¹S1‘21’012‘r’30'1‘1ffi'1'3‘ffli

1516 3597 1643 3632 rem
1677 3581 1750 3633 ad
1781 3582 1865 3648 (lx
1897 3585 2009 3649 32);
2045 3580 2178 3634 denn
2213 3582 2297 3634 ein
2332 3580 2535 3635 solcher

1518 3648 1693 3715 bringi
1725 3648 1857 3703 doch
1893 3650 2024 3704 auch
2059 3653 2240 3702 etwas·

1583 3732 1792 3770 neceue
1826 3720 1931 3769 erit
1961 3733 2017 3771 es
2048 3709 2278 3771 ‘wiirde‘
2303 3723 2536 3770 notwen·

1517 3783 1606 3852 dig
1639 3786 1776 3839 sein:
1811 3786 1858 3837 V
1894 3786 1973 3839 18.

1518 3847 1527 3859 '
1589 3868 1782 3921 euporo
1824 3858 1879 3905 ot
1924 3858 2112 3921 optare
2158 3853 2251 3907 das
2307 3853 2535 3920 (natiirli-

1521 3920 1635 3987 che,
1668 3921 2104 3992 unwillkiirliche)
2128 3920 2413 3991 Verlangen
2432 3919 2534 3974 und
2647 3971 2656 3978 .
