2850 4450
1141 253 1679 327 xv15s—xv1161.
1741 323 1745 326 ,
2392 263 2471 324 57

347 456 502 518 tare,
546 453 613 506 ut
656 460 832 522 quam
874 441 1211 522 saepissime
1254 448 1463 520 peccet
1504 441 1777 512 amicus,‘
1816 457 1937 519 quo
1978 438 2181 519 plures
2223 438 2323 500 det
2364 439 2477 500 sibi

348 524 656 609 tamquam
685 546 858 590 ansas
887 526 960 587 ad
990 524 1580 606 reprehendendum3
1628 542 1865 587 rursum
1893 532 2089 587 autem
2120 532 2281 585 recte
2310 523 2477 586 factis

349 612 788 692 commodisque
849 611 1172 673 amicorum
1233 628 1478 673 necesse
1522 610 1635 672 erit
1688 609 1857 688 angi,
1911 609 2143 682 dolere,
2196 608 2477 670 invidere.

349 699 546 772 Quare
590 699 705 760 hoc
734 697 968 778 quidem
1000 704 1400 776 praeceptum,
1450 696 1872 774 cuiuscumque
1903 702 2013 766 est,
2056 694 2126 754 ad
2158 693 2477 755 tollendam
2520 702 2579 754 60

347 783 660 863 amicitiam
704 782 869 844 valet.
944 780 1095 843 Illud
1138 783 1336 861 potius
1379 779 1859 860 praecipiendum
1905 779 2033 852 suit,
2078 786 2147 840 ut
2190 796 2318 840 eam
2348 778 2479 840 dili-

349 869 610 951 gentiam
655 867 1064 932 adhiberemus
1107 866 1168 927 in
1214 865 1484 928 amicitiis
1528 864 1957 945 comparandis,
2011 872 2079 926 ut
2120 881 2198 925 ne
2243 863 2480 942 quando

349 972 544 1016 amare
598 954 1022 1033 inciperemus·
1055 969 1222 1024 eum,
1288 962 1465 1030 quem
1521 950 1835 1029 aliquando
1900 949 2091 1011 odisse
2156 965 2481 1028 possemus.

352 1040 509 1112 Quin
557 1039 751 1110 etiam,
794 1039 844 1100 si
891 1036 1088 1098 minus
1124 1035 1324 1098 felices
1355 1035 1416 1097 in
1451 1034 1762 1116 deligendo
1792 1034 2127 1108 fuissemus,
2171 1033 2481 1095 ferendum

351 1125 408 1186 id
435 1124 632 1204 Scipio
657 1123 855 1203 potius
879 1138 1052 1202 quam
1077 1120 1516 1183 inimicitiarum
1541 1130 1777 1200 tempus
1799 1119 2178 1201 cogitandum
2219 1118 2481 1199 putabat.

520 1207 696 1270 XVII.
755 1207 862 1270 His
891 1206 1074 1286 igitur
1100 1205 1322 1268 finibus
1351 1205 1641 1269 utendum
1670 1205 1945 1284 arbitror,
1990 1212 2074 1278 ut,
2111 1222 2245 1266 cum
2278 1222 2481 1265 emen·
2524 1214 2581 1264 σι

351 1294 468 1357 dati
513 1312 711 1356 mores
753 1293 1077 1354 amicorum
1121 1291 1272 1366 sint,
1315 1301 1443 1352 tum
1486 1291 1563 1353 sit
1606 1292 1763 1353 inter
1807 1309 1911 1354 eos
1956 1289 2217 1351 omnium
2264 1307 2483 1362 rerum,

353 1378 768 1452 consiliorum,
809 1377 1176 1438 voluntatum
1222 1377 1353 1438 sine
1404 1375 1523 1439 ulla
1568 1376 1917 1456 exceptione
1960 1375 2376 1446 communitas,
2423 1384 2489 1434 ut

352 1465 560 1536 etiam,
619 1464 668 1526 si
725 1480 840 1542 qua
895 1463 1132 1522 fortuna
1189 1461 1499 1535 acciderit,
1559 1469 1627 1522 ut
1683 1461 1881 1522 minus
1936 1460 2119 1522 iustae
2164 1459 2487 1521 amicorum

335 1549 686 1628 ‘voluntates
729 1546 1084 1608 adiuvandae
1129 1545 1267 1620 sint,
1314 1546 1378 1608 iu
1423 1545 1639 1625 quibus
1682 1563 1888 1607 eorum
1932 1552 2035 1605 aut
2076 1554 2256 1624 caput
2284 1551 2489 1622 agatur
2554 1561 2577 1604 ἡ

354 1641 455 1696 aut
497 1633 669 1706 fama,
711 1630 1122 1693 declinandum
1169 1631 1241 1692 de
1284 1631 1374 1693 via
1417 1630 1519 1705 sit,
1575 1630 1749 1692 modo
1795 1649 1871 1692 ne
1914 1647 2139 1692 summa
2183 1629 2489 1708 turpitudo

345 1727 656 1798 sequatur.
720 1715 830 1778 Est
872 1717 1030 1778 enim
1076 1725 1368 1796 quatenus
1411 1715 1701 1777 amicitiae
1744 1714 1869 1776 dari
1912 1715 2081 1777 venia
2126 1714 2331 1795 possit,
2378 1730 2487 1774 nec

353 1822 494 1866 vero
541 1801 907 1882 neglegenda
952 1811 1041 1864 est
1070 1803 1240 1873 fama,
1286 1819 1401 1863 nec
1430 1801 1729 1864 mediocre
1758 1801 1941 1862 telum
1974 1800 2044 1862 ad
2074 1817 2173 1863 res
2200 1800 2489 1880 gerendas

354 1952 453 2006 den
500 1952 845 2020 (fiberlegten,
901 1951 1374 2016 wohlerwogenen)
1478 1950 1591 2003 hier
1625 1948 1767 2003 nicht
1804 1949 2107 2002 wesentlich
2142 1964 2245 2002 von
2287 1964 2491 2016 parare

354 2019 586 2074 Wunsch
643 2020 811 2087 hegen
845 2020 998 2086 (opt-
1019 2035 1115 2071 are
1166 2019 1248 2071 fur
1283 2018 1373 2071 das
1476 2016 1571 2070 XV
1596 2021 1677 2072 55.

359 2088 509 2143 beste
546 2087 746 2153 holten,
789 2089 1125 2154 opt-imum).
1546 2085 1703 2139 XVII.
1724 2087 1806 2140 61.
1831 2085 2099 2138 emendati
2114 2083 2381 2149 mahalon,
2400 2098 2493 2142 un·-

431 2163 701 2224 tamquam
744 2157 806 2221 (s.
843 2171 907 2208 ιιι
951 2155 1056 2208 xm
1101 2158 1168 2210 49
1201 2161 1265 2207 ut
1297 2159 1378 2208 ita
1480 2154 1745 2208 tadelhaft.

363 2225 556 2289 dicam)
591 2242 752 2277 amas
785 2225 858 2277 ad
888 2224 1377 2291 reprehendmdum
1546 2223 1663 2277 sibae
1678 2222 1793 2275 ulla
1811 2224 2124 2289 exceptione
2142 2223 2493 2273 communitas

365 2290 679 2347 Handhaben
712 2292 800 2345 ihu
831 2308 894 2345 zu
919 2293 1087 2345 sussen
1126 2293 1286 2358 (nicht
1309 2308 1376 2345 ιιι
1482 2292 1582 2345 wie
1616 2290 1793 2356 (xvm
1832 2293 1916 2354 66)
1963 2293 2023 2341 in
2068 2294 2215 2341 omni
2259 2306 2319 2341 re
2352 2304 2494 2340 seve-

355 2352 589 2443 ‘tedelnf,
624 2359 862 2443 obgleich
886 2360 996 2443 dies
1020 2360 1246 2425 gemeint
1269 2361 1372 2441 ist).
1475 2364 1637 2411 n'tas:
1674 2374 1738 2441 zu
1776 2357 1838 2410 Vl
1870 2360 1934 2411 20
1972 2373 2092 2409 cum
2128 2358 2492 2409 benevolentia

364 2426 1376 2560 wiffldgsscfff'dglae’stcfieeqdeeshi'gilgseffdlg
1480 2441 1803 2545 003θῖῧῶ
1822 2518 1889 2531 —·
1908 2491 2287 2544 declinandum
2315 2492 2378 2542 de
2400 2494 2490 2543 via

362 2561 510 2615 Wort
546 2577 633 2616 um
679 2562 793 2615 eine
829 2561 972 2629 silbe
1015 2561 1244 2627 wachst,
1293 2560 1375 2614 die
1477 2564 1563 2614 eit.
1614 2560 1707 2615 Die
1726 2560 2108 2613 Gemeinschaft
2131 2560 2255 2627 geht
2272 2575 2330 2613 so
2350 2560 2492 2623 weit,

363 2631 506 2684 Rede
542 2631 654 2683 sich
678 2630 814 2684 heht.
870 2628 1090 2682 Ahnlich
1113 2631 1258 2695 velit,
1283 2646 1377 2682 an·
1480 2628 1589 2682 dass
1624 2643 1777 2695 sogor
1812 2628 1895 2681 ein
1912 2628 2182 2698 Abbiegen
2203 2642 2324 2680 vom
2348 2627 2495 2679 rech-

361 2696 1158 2820 ‚2'1551225253‘55222‘3253223321
1171 2701 1378 2820 ’w’
1480 2702 1575 2818 {251¹}
1586 2696 1760 2818 ”Xssa‘i-
1775 2701 1919 2817 ῗιῗέἷ
1921 2696 2183 2831 Θέἒέἕηῖῖ
2182 2695 2494 2817 212525122‘2':

363 2836 504 2888 dicio
550 2806 710 2900 lecto,
756 2835 1051 2901 descripto,
1096 2806 1375 2901 divulgvato
1479 2832 1831 2886 Verhz'iltnisse
1854 2831 2141 2899 (fortuna),
2166 2832 2257 2885 der
2278 2848 2341 2885 zu
2374 2832 2493 2884 dem

363 2918 414 2971 p.
438 2904 580 2957 Sulla
605 2902 698 2956 XV
724 2906 820 2965 44;
856 2905 988 2955 haee
1009 2917 1227 2968 magna,
1248 2905 1378 2956 haee
1480 2900 1799 2955 makellosen
1826 2900 2105 2954 Charakter
2138 2900 2229 2953 der
2260 2898 2493 2953 Freunde

365 2972 568 3035 divina,
589 2974 722 3024 haec
736 2974 1062 3039 sempiterna
1078 2976 1206 3023 sunt
1223 2970 1375 3025 Tusc.
1478 2971 1770 3036 (emendati
1790 2972 1987 3036 mores)
2019 2970 2070 3021 in
2096 2968 2384 3037 Gegensatz
2408 2982 2495 3035 ge-

358 3038 384 3090 1
409 3042 492 3103 27,
516 3042 596 3094 67.
651 3039 1000 3107 Merkwfirdig
1032 3040 1100 3092 ist
1135 3040 1184 3092 in
1212 3039 1378 3092 dieser
1480 3038 1624 3091 stellt
1656 3038 1741 3091 ist.

368 3106 665 3175 Beziehung
689 3106 778 3160 der
801 3108 1130 3161 Homerische
1152 3107 1277 3161 Vers
1301 3107 1376 3173 (ΙΙ.
1549 3109 1610 3157 in
1646 3108 1854 3173 quibus.
1908 3104 2003 3156 Ein
2039 3104 2241 3158 solcher
2264 3103 2493 3157 Wunsch

366 3174 600 3241 111182),
642 3176 694 3225 in
733 3176 984 3229 welchem
1018 3175 1250 3229 Priamus
1286 3176 1381 3229 mit
1483 3189 1592 3226 war
1626 3188 1700 3237 es,
1734 3173 1835 3225 den
1860 3172 2035 3225 Cicero
2072 3172 2227 3225 durch
2264 3172 2346 3224 die
2373 3171 2493 3223 Ver-

367 3243 546 3295 immet
578 3241 827 3296 vollerem
863 3242 1052 3296 Munde
1086 3244 1178 3296 das
1214 3242 1379 3297 Gluck
1484 3242 1607 3294 teidi
1683 3256 1751 3309 ng
1784 3239 1877 3293 des
1900 3239 2042 3304 Milo,
2074 3240 2340 3293 vielleicht
2365 3241 2494 3292 auch

371 3310 462 3364 des
498 3311 541 3362 A
579 3324 847 3363 amemnon
882 3311 1070 3378 preist:
1119 3312 1166 3361 ὦ
1199 3314 1381 3380 μάκαρ
1484 3310 1577 3365 des
1650 3309 1772 3373 ulla,
1806 3311 2161 3361 unterstfitzte.

364 3372 1384 3501 ³22⁶'02205⁰1553137115232‘0fflssfffflw·
1522 3382 1719 3498 ..5ῗὲἴέ
1743 3376 2033 3498 ἓξὲἓιεῗῗ
2056 3375 2339 3443 Ni⁰b‘⁸²⁵⁰‘
2374 3377 2492 3430 '’¹³‘'

371 3487 533 3581 Krafi,
566 3484 730 3580 Wert‚
767 3513 1073 3581 Bedeutung
1106 3514 1295 3579 haben,
1329 3484 1383 3569 iri
1484 3460 1519 3513 g
1552 3514 1711 3566 modo
1744 3530 1905 3586 πολε
1926 3484 2021 3565 nur
2056 3511 2173 3567 ders
2202 3512 2359 3565 nicht.

369 3580 613 3637 Betracht
635 3582 878 3635 kommen
904 3582 984 3635 fiir
1004 3610 1088 3648 —‚
1111 3582 1253 3635 steht
1276 3587 1382 3639 erst
1552 3587 1629 3633 est
1674 3586 1936 3648 quatenus
1976 3574 2075 3634 ‘bis
2110 3596 2172 3634 zu
2210 3582 2375 3635 einem
2411 3596 2499 3647 ge-

369 3649 752 3705 nae-hklassisch
786 3650 967 3703 valere
1000 3650 1094 3703 mit
1138 3650 1254 3703 dem
1288 3650 1381 3703 Ins.
1486 3649 1674 3703 wissen
1692 3646 1912 3702 Punkte'
1939 3648 2079 3701 kann
2098 3648 2376 3702 Nachsicht
2402 3663 2495 3715 ge,-

436 3720 876 3785 praeeipiendum
915 3716 1058 3781 fuit:
1120 3718 1262 3770 wohl
1317 3733 1382 3770 ιιι
1485 3717 1651 3769 wihrt
1674 3717 1897 3779 werden,
1934 3718 2087 3771 niiml.
2107 3732 2224 3770 vom
2253 3715 2497 3771 Freunde.

371 3784 762 3840 unterscheiden
798 3803 904 3840 von
934 3786 1382 3855 praecipiendum
1555 3785 1715 3836 telum
1741 3784 1923 3849 Woffe,
1958 3801 2044 3836 res
2070 3785 2342 3851 gerendae
2366 3782 2501 3837 Tha—

371 3856 448 3903 σεε
479 3852 566 3905 ΧΠ
589 3857 670 3907 42.
1487 3858 1574 3905 ten
1597 3854 1720 3907 oder
1740 3852 2118 3919 Vollbringung
2141 3868 2243 3906 von
2268 3850 2496 3906 Thaten:

442 3936 760 3989 comparare
825 3922 1205 3977 unterscheidet
1275 3918 1384 3975 sich
1486 3921 1665 3976 beides
1700 3920 1930 3974 bildlich.
