2850 4450
277 434 336 486 ³0

384 249 466 310 38
1077 247 1344 302 LAELIUS
1379 248 1465 300 DE
1502 246 1809 302 AMICITIA.

379 424 451 485 ad
497 423 812 488 amicitiam
843 429 997 485 esset
1034 421 1389 502 aptissimus.
1459 421 1632 494 Quod
1663 421 1842 500 longe
1870 437 2041 482 secus
2072 427 2181 480 est.
2255 418 2333 479 Ut
2362 418 2523 480 enim

380 508 631 588 quisque
675 507 789 570 sibi
833 507 1154 588 plurimum
1200 506 1463 580 confidit,
1509 515 1568 569 et
1613 517 1677 567 ut
1721 505 1969 585 quisque
2014 504 2267 565 maxime
2308 503 2526 566 virtute

378 603 439 656 et
481 593 767 673 sapientia
810 592 896 654 sic
939 592 1204 654 munitus
1248 602 1368 666 est,
1413 602 1482 653 ut
1525 591 1689 653 nullo
1733 598 1903 671 egeat
1943 607 2170 668 suaque
2215 591 2415 650 omnia
2460 589 2521 651 in

378 696 443 740 se
488 678 618 757 ipso
663 677 853 758 posita
897 677 1150 750 iudicet,
1196 677 1275 738 ita
1320 677 1381 738 in
1429 676 1699 738 amicitiis
1742 674 2087 756 expetendis
2134 674 2523 754 colendisque

378 763 629 824 maxime
673 763 924 824 excellit.
1015 761 1169 834 Quid
1215 759 1421 824 enim?
1494 761 1809 824 Africanus
1853 760 2129 839 indigens
2172 757 2334 821 mei?
2414 759 2525 820 Mi-

377 849 538 910 nime
583 847 857 921 hercule,
900 866 968 909 ac
1013 866 1091 909 ne
1136 864 1246 926 ego
1293 846 1529 926 quidem
1576 846 1767 920 illius;
1822 846 1927 907 sed
1973 863 2084 925 ego
2130 845 2523 906 admiratione

281 959 286 964 ·
379 932 630 1013 quadam
673 932 908 995 virtutis
952 933 1098 1004 eius,
1143 932 1241 994 ille
1284 931 1539 994 vicissim
1585 931 1873 1011 opinione
1916 931 2167 993 fortasse
2212 930 2521 1002 nonnulla,

274 1284 333 1335 31

271 1625 333 1676 32

379 1035 554 1098 quam
601 1017 674 1079 de
717 1019 865 1080 meis
908 1017 1177 1080 moribus
1221 1016 1495 1092 habebat,
1540 1035 1636 1078 me
1666 1016 1883 1078 dilexit.
1955 1015 2133 1077 Auxit
2160 1015 2522 1078 benevolen-

376 1104 518 1165 tiam
563 1104 952 1166 consuetudo.
1027 1103 1143 1165 Sed
1183 1119 1537 1182 quamquam
1586 1101 1864 1164 utilitates
1906 1101 2127 1163 multae
2171 1109 2231 1162 et
2274 1119 2522 1181 magnae

378 1196 731 1251 consecutae
776 1197 947 1263 sunt,
1003 1207 1126 1249 non
1184 1197 1328 1249 sunt
1369 1195 1568 1248 tamen
1614 1186 1689 1248 ab
1733 1204 1935 1249 earum
1980 1205 2087 1267 spe
2132 1204 2344 1248 causae
2388 1185 2521 1246 dili-

383 1273 562 1352 gendi
605 1275 926 1352 profectae.
1015 1273 1096 1334 Ut
1150 1273 1308 1334 enim
1367 1272 1624 1334 benefici
1667 1272 2062 1351 liberalesque
2104 1289 2337 1343 sumus,
2395 1289 2519 1331 non

378 1366 446 1418 ut
489 1357 791 1437 exigamus
834 1358 1077 1440 gratiam
1123 1356 1346 1441 (neque
1393 1357 1552 1418 enim
1596 1357 1956 1419 beneficium
1990 1355 2371 1434 feneramur),
2415 1357 2517 1416 sed

381 1452 591 1505 natura
637 1444 922 1524 propensi
967 1443 1040 1504 ad
1071 1443 1481 1506 liberalitatem
1514 1461 1749 1505 sumus:
1798 1442 1885 1505 sic
1914 1441 2228 1504 amicitiam
2261 1459 2385 1503 non
2414 1459 2519 1521 spe
2621 1454 2626 1459 ·

378 1527 671 1590 mercedis
715 1528 971 1602 adducti,
1015 1528 1119 1590 sed
1166 1529 1324 1608 quod
1370 1528 1567 1590 omnis
1613 1528 1741 1590 eius
1782 1530 2014 1589 fructus
2046 1527 2108 1588 in
2151 1526 2283 1607 ipso
2320 1543 2522 1588 amore

378 1614 568 1687 inest,
629 1614 1018 1694 expetendam
1075 1623 1367 1694 putamus.
1456 1611 1547 1674 Ab
1607 1613 1729 1686 his,
1787 1613 1887 1692 qui
1946 1612 2241 1692 pecudum
2287 1611 2405 1673 ritu
2450 1611 2521 1673 ad

377 1698 737 1778 voluptatem
771 1699 966 1760 omnia
1000 1699 1286 1773 referunt,
1309 1697 1488 1778 longe
1517 1698 1896 1771 dissentiunt,
1922 1716 2036 1760 nec
2066 1697 2302 1759 mirum.
2363 1696 2523 1758 Nihil

378 1783 535 1844 enim
568 1783 768 1859 altum,
803 1783 950 1846 nihil
978 1784 1360 1864 magnificum
1392 1800 1462 1844 ac
1492 1783 1754 1845 divinum
1786 1783 2086 1864 suspicere
2116 1789 2386 1862 possunt,
2419 1781 2522 1860 qui

442 1935 524 1986 30.
561 1936 784 2000 quisque
821 1936 928 1985 sibi
962 1933 1100 1986 steht
1132 1949 1272 1986 zwar
1305 1949 1395 1985 zu·
1498 1931 1589 1985 der
1607 1931 1811 2000 andere,
1829 1931 1935 1985 und
1952 1931 2096 1987 diese
2114 1931 2522 1998 Gleichstellung

372 2015 617 2064 sammen,
653 2003 776 2053 aber
811 2001 993 2068 gehort
1026 2001 1169 2054 nicht
1195 2017 1392 2055 zusam·
1497 1999 1589 2053 des
1611 2001 1813 2052 multus
1834 2001 1929 2054 mit
1946 1999 2061 2052 dem
2081 1999 2304 2052 anderen
2328 1998 2523 2064 Adjek-

371 2083 516 2122 men:
563 2068 675 2121 also
719 2068 901 2133 keine,
946 2069 1070 2122 oder
1117 2069 1392 2122 hochstens
1496 2069 1660 2122 tivum
1683 2069 1753 2121 ist
1773 2068 1843 2121 im
1866 2067 2222 2122 Lateinischen
2252 2067 2356 2121 und
2379 2067 2521 2122 Grie-

371 2137 486 2189 eine
523 2135 824 2189 scheinbare
856 2136 1394 2204 Ausnahmestellung,
1496 2136 1741 2194 chischen
1776 2136 1868 2189 das
1903 2136 2344 2190 Gewohnlichere.

380 2228 383 2233 v
438 2206 636 2257 virtuto
668 2234 738 2244 —
771 2205 1003 2259 iudicet:
1049 2204 1132 2259 die
1167 2205 1390 2260 stoische
1564 2209 1817 2272 concoqui
1851 2205 1943 2258 aui
1964 2203 2138 2260 Grund
2172 2204 2383 2259 inneren
2419 2204 2517 2260 Zu-

370 2272 532 2327 Lehre
567 2288 670 2327 von
706 2272 797 2327 der
832 2276 1148 2343 αὐτάρκεια,
1183 2274 1290 2342 vgl.
1327 2290 1391 2327 zu
1494 2274 1890 2341 sammenhangs
1924 2274 2035 2327 sich
2071 2274 2291 2341 ergeben
2308 2313 2321 2339 ,
2366 2278 2517 2341 sequi

369 2341 411 2395 11
448 2346 476 2394 7
512 2339 818 2405 inferiores.
1499 2341 1770 2395 aurserlich
1805 2341 1910 2395 und
1944 2342 2151 2395 zeitlich
2187 2341 2380 2410 folgen.

439 2410 612 2463 colore
620 2413 921 2463 amicitiam
932 2408 1396 2464 derFreundschaft
1562 2412 1647 2465 31.
1681 2410 2381 2477 exigamus—feneramur.
2422 2410 2515 2463 Die

369 2478 538 2531 leben.
574 2479 718 2532 Auch
741 2480 834 2532 wir
851 2494 1034 2547 sagea:
1055 2480 1139 2532 ein
1158 2476 1394 2531 Verhilt·
1498 2476 1800 2547 stappanten
1825 2478 1929 2531 und
1948 2479 2253 2561 gehiesigen
2272 2478 2515 2532 Bezeich·

371 2546 450 2599 nis
489 2546 814 2603 kultivieren.
1496 2561 1701 2614 nungen
1710 2541 1726 2563 ‘
1738 2547 2020 2600 eintreiben
2032 2538 2048 2563 '
2059 2546 2162 2601 und
2193 2547 2284 2599 aul·
2294 2546 2516 2601 Wucher

435 2615 532 2666 sed
563 2630 680 2680 ego.
747 2615 931 2668 Hierzu
962 2616 1032 2668 ist
1067 2629 1160 2668 aus
1194 2630 1277 2665 me
1312 2614 1391 2666 di·
1496 2606 1732 2682 anlegen'
1750 2614 1928 2668 stehen
1948 2616 2000 2667 in
2022 2616 2405 2669 unmittelbarer
2417 2614 2514 2667 Be-

370 2682 506 2735 laxit
556 2698 621 2734 zu
673 2684 979 2736 entnehmen
1035 2698 1154 2734 oum
1204 2682 1390 2735 dilexi.
1494 2681 1717 2751 ziehung
1747 2699 1812 2737 zu
1848 2683 2107 2747 einander,
2143 2684 2243 2737 und
2280 2683 2395 2736 sind
2419 2683 2513 2736 mit

368 2748 484 2816 Vgl.
523 2749 651 2817 Nep.
688 2750 867 2804 Them.
901 2750 970 2804 IX
1005 2754 1064 2805 3:
1103 2755 1391 2817 postquam
1493 2754 1693 2817 grosser
1726 2751 2155 2805 Absichtlichkeit
2192 2755 2407 2819 gesetzt.

367 2820 430 2868 in
453 2822 568 2870 tuto
591 2822 722 2884 ipso,
748 2824 800 2871 ei
820 2819 912 2871 ille
933 2823 993 2871 in
1010 2819 1256 2886 periculo
1283 2834 1391 2869 oue
1560 2819 1655 2871 sed
1685 2824 1886 2871 natura
1935 2819 2217 2887 entspricht
2251 2818 2366 2871 dem
2401 2834 2511 2872 non

373 2888 559 2952 coepit.
1490 2891 1555 2937 ut
1587 2890 1871 2954 exigamus
1906 2891 2177 2953 gratiam,
2225 2885 2330 2939 und
2364 2887 2433 2941 ist
2468 2902 2511 2941 8.

437 2954 657 3005 virtutis
690 2957 827 3006 eius:
868 2959 963 3022 τῆς
994 2953 1063 3021 (d.
1099 2955 1133 3007 i.
1171 2952 1260 3006 der
1296 2952 1390 3006 Pe·
1490 2968 1540 3007 v·
1578 2969 1625 3011 a.
1659 2956 1756 3007 aad
1786 2956 1933 3023 quod
1962 2959 2044 3007 ita
2076 2955 2189 3018 fert
2220 2959 2442 3009 natura.

370 3021 575 3088 nelope)
623 3024 815 3091 ἀρετῆε
850 3021 997 3079 Hom.
1047 3021 1139 3075 Od.
1180 3021 1224 3074 Π
1271 3024 1389 3077 206.
1558 3025 1582 3074 i
1616 3039 1674 3076 eo
1705 3016 1919 3077 ‘sehon’
1942 3024 1995 3077 in
2020 3024 2110 3077 der
2131 3024 2314 3077 Liebe:
2352 3023 2511 3086 vam

367 3088 572 3142 Andete
606 3089 860 3159 Beispiele
906 3107 970 3144 zu
1014 3089 1081 3143 xl
1129 3094 1194 3145 37
1231 3091 1389 3143 'illius
1491 3088 1537 3141 X
1588 3089 1673 3144 vn
1709 3095 1822 3147 104.

365 3157 594 3220 furoris.
1567 3162 1651 3215 32.
1686 3162 1767 3212 Ab
1792 3162 1877 3213 his
1900 3160 2148 3214 Neutrum
2166 3159 2303 3217 Plur.
2329 3162 2430 3213 wie
2454 3163 2513 3211 in

437 3242 468 3277 ο
507 3229 690 3279 inione
748 3228 1010 3279 nonnulla
1064 3226 1222 3280 durch
1275 3228 1391 3281 eine
1489 3230 1759 3296 plerisque
1792 3227 1861 3281 IV
1903 3232 1981 3282 13.
2053 3231 2196 3281 Ilaec
2236 3230 2377 3283 diese
2410 3229 2512 3281 An-

369 3294 452 3346 nic
491 3299 512 3346 t
535 3310 666 3362 ganz
685 3295 995 3363 ungunstige
1012 3293 1273 3363 Meinung.
1309 3294 1391 3349 Li·
1492 3298 1716 3350 sichten:
1742 3297 1846 3364 vgl.
1872 3299 2004 3349 haec
2026 3313 2076 3351 u.
2101 3300 2198 3351 illa
2222 3295 2289 3350 IV
2313 3298 2402 3357 133
2430 3299 2510 3349 14.

370 3366 546 3416 totes.·
1561 3366 1635 3417 ad
1655 3364 1981 3432 complutam
2004 3366 2097 3420 auf
2110 3365 2194 3419 die
2214 3363 2511 3417 Sinnenlust

439 3429 652 3496 dilexit,
675 3429 818 3482 nicht
842 3429 1116 3495 diligebat,
1153 3430 1275 3483 weil
1297 3430 1389 3484 das
1492 3433 1569 3485 als
1588 3432 1696 3485 Ziel
1716 3432 1820 3486 und
1837 3433 2028 3488 Zweck
2048 3433 2356 3499 (beziehen).
2390 3430 2510 3485 Dies

367 3497 632 3551 Eintreten
684 3496 776 3551 des
828 3495 1029 3551 Affekts
1089 3499 1389 3552 bezeichnet
1492 3501 1589 3569 gilt
1599 3502 1695 3555 den
1716 3505 2003 3556 entarteten
2017 3501 2262 3554 Schulern
2273 3497 2510 3566 Epikurs.

367 3565 576 3619 werden
625 3566 752 3618 soll:
798 3566 890 3620 hat
931 3565 1035 3619 lieb
1080 3582 1384 3635 gewonnen.
1558 3570 1717 3636 longe
1739 3569 2065 3621 dissentiunt
2086 3570 2155 3621 ist
2178 3567 2509 3621 anschaulich

367 3634 570 3687 Ebenso
594 3632 662 3687 lx
682 3636 748 3687 32
765 3638 861 3701 qui
883 3638 1257 3703 appetiverunt
1283 3650 1388 3689 wer
1488 3638 1591 3691 und
1628 3639 1678 3690 in
1717 3636 1799 3690 die
1836 3637 1993 3691 Sinne
2030 3636 2246 3689 fallend:
2282 3636 2385 3689 wie
2418 3636 2511 3692 das

367 3702 480 3755 sein
500 3700 790 3770 Veriangen
809 3704 1060 3771 gerichtet
1079 3704 1169 3756 hat
1192 3703 1284 3757 auf
1301 3731 1385 3757 —.
1489 3705 1831 3761 Sallustische.
1886 3706 2086 3772 procul
2152 3721 2339 3757 mare
2402 3705 2510 3773 lug.

365 3809 378 3822 .
433 3772 632 3823 multae
652 3776 705 3823 ot
715 3786 960 3839 magnae.
994 3771 1162 3825 Durch
1175 3771 1268 3825 das
1281 3772 1387 3824 bei·
1486 3772 1714 3828 LXXXV
1751 3776 1816 3827 38
1851 3772 1977 3825 oder
2003 3771 2157 3841 Verg.
2182 3775 2312 3827 Aen.
2337 3772 2383 3823 V
2408 3776 2509 3829 406

367 3836 628 3892 ordnende
662 3843 716 3889 et
747 3840 1004 3893 erscheint
1038 3838 1128 3892 der
1150 3840 1266 3894 eine
1287 3839 1386 3892 Be·
1488 3841 1648 3908 longe
1664 3857 1915 3895 recusare
1926 3844 2115 3907 (etwas
2137 3843 2260 3896 weit
2275 3857 2379 3896 von
2400 3842 2509 3895 sich

367 3905 491 3971 grifl'
518 3921 576 3960 so
614 3907 917 3961 wesentlich
942 3906 1046 3961 und
1071 3907 1283 3974 wichtig
1305 3908 1384 3960 als
1488 3912 1717 3976 weisen).
