2850 4450
377 253 458 314 60
1079 239 1346 323 munus
1381 255 1466 310 DE
1499 257 1805 316 Au1c1T1A.

379 431 560 510 igitur
604 437 856 509 utraque
901 429 962 490 in
1009 447 1075 493 rc
1118 446 1376 507 gravem,
1419 440 1813 504 constantem,
1858 431 2123 495 stabilem
2168 450 2230 494 se
2268 431 2329 494 in
2372 431 2525 492 ami-

379 515 514 578 citia
559 513 937 595 praestiterit,
982 515 1145 590 hunc
1187 534 1260 577 ex
1305 515 1555 578 maxime
1598 534 1733 578 raro
1771 535 1994 596 genere
2024 517 2334 579 hominum
2365 517 2523 579 iudi-

379 619 514 663 care
559 597 844 662 debemus
887 609 948 662 et
990 617 1179 680 paene
1223 599 1440 662 divino.

548 683 752 746 XVIII.
812 683 1280 748 Firmamentum
1311 695 1510 746 autem
1537 684 1864 749 stabilitatis
1903 687 2392 765 constantiaeque
2430 696 2525 748 est

381 772 527 843 eiuS,
575 785 750 850 quam
795 769 856 831 in
894 770 1146 833 amicitia
1179 770 1534 849 quaerimus,
1580 771 1756 846 fldes;
1802 771 1950 834 nihil
1980 780 2069 834 est
2098 772 2257 834 enim
2286 770 2515 840 stabile,

347 856 539 937 ‚quod
586 855 834 918 infidum
878 863 984 918 est.
1056 856 1398 936 Simplicem
1446 865 1755 935 praeterea
1783 868 1843 918 et
1870 874 2247 920 communem
2279 866 2339 918 et
2368 874 2518 917 con-

381 941 769 1014 sentientem,
825 941 885 1003 id
951 950 1040 1002 est
1082 941 1184 1020 qui
1229 940 1407 1004 rebus
1450 941 1636 1005 isdem
1680 950 2009 1015 moveatur,
2072 942 2206 1021 eligi
2261 959 2369 1021 par
2410 950 2521 1014 est,

384 1045 534 1108 quae
579 1026 774 1087 omnia
817 1027 1126 1108 pertinent
1153 1025 1223 1088 ad
1255 1025 1615 1088 fidelitatem.
1686 1027 1891 1108 Neque
1920 1027 2081 1089 enim
2113 1027 2295 1089 fidum
2324 1035 2524 1106 potest

383 1130 512 1174 esse
555 1111 865 1192 multiplex
907 1111 1214 1192 ingenium
1260 1119 1322 1174 et
1361 1119 1730 1188 tortuosum,
1784 1131 1980 1193 neque
2025 1131 2197 1186 vero,
2242 1112 2346 1192 qui
2394 1130 2521 1174 non

382 1197 569 1262 isdem
615 1196 794 1258 rebus
837 1205 1108 1259 movetur
1151 1206 1481 1276 naturaque
1528 1199 1860 1273 consentit,
1920 1206 2023 1260 aut
2065 1198 2216 1259 fidus
2259 1205 2360 1259 aut
2401 1206 2524 1258 sta-

382 1282 519 1344 bilis
563 1291 762 1362 potest
804 1299 954 1343 esse.
1026 1280 1378 1344 Addendum
1423 1283 1630 1344 eodem
1663 1292 1771 1359 est,
1817 1291 1883 1344 ut
1925 1302 2003 1344 ne
2046 1282 2393 1345 criminibus
2420 1291 2527 1342 aut

384 1366 712 1430 inferendis
755 1366 1082 1429 delectetur
1124 1377 1229 1429 aut⁴
1268 1365 1470 1429 credat
1514 1366 1742 1442 oblatis,
1788 1385 1941 1447 quae
1988 1368 2289 1448 pertinent
2316 1366 2518 1427 omnia

384 1454 454 1515 ad
502 1470 648 1527 eam,
695 1469 870 1532 quam
915 1453 1030 1514 iam
1075 1452 1298 1514 dudum
1345 1460 1555 1524 tracto,
1598 1455 2009 1516 constantiam.
2080 1452 2165 1515 Ita
2209 1454 2276 1514 fit
2319 1469 2524 1514 verum

387 1537 561 1612 illud,
624 1536 782 1617 quod
843 1539 1013 1600 initio
1058 1537 1210 1609 dixi,
1265 1537 1579 1600 amicitiam
1632 1539 1745 1600 nisi
1789 1539 1947 1601 inter
1989 1537 2183 1600 bonos
2226 1555 2354 1600 esse
2396 1555 2521 1598 non

385 1642 582 1705 posse.
654 1623 761 1684 Est
803 1623 962 1684 enim
1007 1623 1151 1684 boni
1195 1623 1325 1696 viri,
1370 1640 1549 1702 quem
1595 1624 1845 1685 eundem
1892 1623 2219 1703 sapientem
2264 1622 2403 1685 licet
2431 1620 2521 1681 di-

389 1726 558 1782 cere,
611 1709 757 1769 haec
808 1709 927 1771 duo
976 1716 1184 1769 tenere
1234 1708 1294 1770 in
1325 1708 1632 1770 amicitia:
1691 1709 1945 1790 primum
1998 1726 2085 1769 ne·
2128 1707 2266 1787 quid
2319 1708 2525 1768 fictum

457 1880 689 1942 utraque
712 1877 772 1927 in
795 1892 856 1928 re
877 1875 931 1928 in
959 1872 1141 1928 beiden
1162 1873 1405 1939 Stiicken‚
1576 1891 1745 1943 neque
1777 1893 1903 1928 vero
1923 1901 1989 1920 -ψ-
2008 1881 2111 1928 aut
2140 1875 2297 1937 fidus,
2352 1873 2519 1925 Dutch

390 1945 444 1998 in
481 1943 725 1997 beiderlei
749 1941 1010 1996 Hinsicht:
1047 1947 1112 1994 ut
1142 1958 1314 2009 neque
1345 1945 1406 1994 in
1511 1942 1609 1997 den
1636 1945 1902 1997 Chiasmus
1936 1942 2088 1997 kehrt
2112 1943 2195 1996 die
2222 1940 2435 1994 Periode
2460 1956 2523 1992 zu

393 2015 547 2066 bonis
569 2015 729 2064 rebus
747 2015 1068 2078 contemnat,
1092 2027 1188 2063 nec
1210 2013 1272 2062 in
1294 2027 1407 2063 ma·
1507 2012 1670 2065 ihi-em
1681 2011 1885 2078 Anfang
1902 2011 2121 2065 zuriick:
2142 2012 2267 2063 Cato
2286 2009 2355 2062 M.
2369 2007 2520 2063 Vl15

393 2082 459 2133 lis
494 2081 719 2133 deserat.
1508 2079 1665 2132 Nihil
1708 2094 1838 2145 ergo
1885 2082 2079 2146 agebat
2119 2079 2179 2144 Q.
2215 2078 2524 2131 Maoeimus?

453 2150 794 2216 praestiterit
809 2146 1058 2211 bewfihrt,
1071 2145 1404 2199 verschieden
1506 2149 1650 2200 nihil
1668 2148 1731 2202 L.
1753 2147 1975 2200 Paullus
2006 2152 2164 2214 pater
2196 2151 2353 2199 tuus?
2372 2175 2435 2184 —-
2456 2173 2521 2183 —-

392 2233 497 2272 von
526 2216 840 2284 praebuerit
870 2215 1024 2283 zeigt.
1512 2216 1686 2271 Ceteri
1721 2232 1869 2268 senes
1891 2246 1957 2257 -
1981 2246 2050 2255 —
2071 2215 2217 2268 nihil
2255 2216 2523 2283 agebant?

461 2303 531 2339 ex
577 2286 758 2352 aliquo
797 2299 996 2350 genere
1045 2284 1292 2336 iudicare
1343 2299 1408 2336 zu
1592 2286 1757 2337 isdem
1800 2288 1959 2337 rebus
2005 2290 2086 2338 etc
2134 2284 2215 2338 fur
2258 2282 2520 2337 dieselben

277 2352 281 2356 “
395 2354 534 2407 einer
567 2353 750 2406 Klasse
784 2352 1028 2419 rechnen,
1064 2352 1165 2405 wie
1200 2368 1271 2404 ex
1305 2352 1406 2404 ali-

395 2440 499 2490 quo
525 2437 748 2475 numero
773 2438 884 2474 esse
917 2437 980 2473 zu
1006 2421 1147 2473 einer
1170 2419 1296 2474 Zahl
1320 2434 1408 2487 ge-

393 2492 570 2545 horen.
612 2490 707 2543 Ein
732 2506 842 2541 esse
863 2490 932 2542 ist
955 2504 1019 2541 zu
1043 2488 1236 2541 diesem
1263 2489 1410 2541 iudi-

395 2576 520 2613 care
537 2560 679 2612 nicht
695 2556 1136 2621 hinzuzudenken,
1157 2572 1217 2609 so
1239 2557 1410 2623 wenig

395 2629 473 2681 als
501 2644 566 2681 zu
585 2631 785 2695 putare
807 2627 860 2679 in
880 2625 1067 2678 Sfitzen
1095 2624 1194 2678 wie
1219 2641 1411 2677 maoeu-

395 2712 537 2749 mam
555 2695 792 2762 gloriam
817 2697 878 2745 in
900 2708 1154 2745 maxumo
1181 2696 1407 2760 imperio

387 2770 590 2832 putare
637 2763 762 2816 oder
805 2777 1151 2829 quaecunque
1189 2766 1318 2813 sunt
1350 2766 1408 2813 in

395 2835 545 2885 omni
589 2829 788 2883 mundo
801 2868 816 2894 ,
863 2830 1082 2882 deorum
1125 2833 1184 2881 at
1217 2845 1285 2881 ue
1319 2831 1410 2881 Ιιο-

395 2903 600 2953 minum
626 2898 879 2967 putanda
914 2901 1055 2949 eunt.
1113 2896 1194 2965 Ἲς
1217 2935 1230 2949 .
1261 2912 1410 2949 acce-

392 2972 570 3037 pimus
603 2965 644 3020 11
669 2971 717 3021 7.

463 3034 633 3090 xvm.
662 3038 742 3090 65.
769 3036 900 3098 eius,
924 3050 1112 3101 quam:
1138 3031 1410 3086 hieu-durch

397 3104 525 3158 wird
572 3103 826 3172 diejenige
860 3105 955 3156 Art
998 3118 1103 3155 von
1142 3103 1409 3155 stabilitas
1454 3144 1457 3149 .

396 3172 501 3226 und
525 3175 846 3239 constantia,
884 3172 974 3224 auf
1000 3171 1084 3224 die
1107 3186 1164 3223 es
1189 3171 1298 3224 hier
1322 3185 1411 3223 an-

395 3242 612 3306 kommt‚
645 3256 749 3294 von
777 3240 999 3293 anderen
1023 3240 1180 3292 Arten
1218 3238 1408 3292 dersel·

396 3312 497 3363 ben
551 3308 944 3377 Eigenschaften
1000 3305 1408 3361 unterschieden.

395 3377 636 3445 Dagegen
679 3378 786 3443 vgl.
819 3375 934 3428 XIV
967 3378 1036 3428 49
1070 3392 1132 3426 eo
1167 3378 1264 3437 qui
1305 3373 1409 3427 und

396 3446 489 3500 XX
523 3447 588 3499 82
637 3444 1047 3512 cupiditatibus,
1093 3446 1166 3494 iis
1201 3445 1410 3509 quibus.

449 3522 454 3526 ’
465 3512 880 3575 communissich
891 3512 1006 3565 dem
1016 3510 1206 3570 andern
1218 3510 1410 3579 gleich-

397 3580 634 3647 steliend,
655 3580 1000 3647 umgi‘mglich.

475 3650 790 3715 fidelitatem
815 3668 828 3701 :
902 3647 1251 3715 Bethfitigung
1320 3646 1411 3699 der

394 3720 544 3783 fides.

462 3788 750 3853 multiplex
795 3787 1076 3852 ingenium
1111 3788 1164 3835 et
1206 3787 1411 3835 tortuo-

395 3872 512 3908 sum
545 3850 655 3908 ‘der
688 3854 1054 3919 verschlagene
1091 3850 1194 3905 und
1228 3849 1411 3903 ranke·

398 3924 537 3977 volle
574 3920 732 3991 Kopf’
773 3920 846 3988 (F.
870 3919 1099 3986 Jacobs).

1511 2352 1799 2407 Eindriicke
1809 2353 2151 2421 empffinglich
2162 2350 2523 2420 (συμπαθεῖν)

1512 2422 1616 2475 und
1662 2438 1766 2475 von
1812 2421 1973 2474 Natur
2025 2420 2402 2489 gleicbgesinnt
2452 2418 2522 2471 ist

1510 2486 1862 2557 (ὁμοδοξεῖν).

1591 2558 1889 2620 inferendis
1930 2586 2001 2597 —
2062 2558 2270 2611 oblatis.
2367 2553 2523 2608 Jenes

1513 2626 1691 2680 heirst:
1715 2625 2198 2695 Beschuldigungen
2221 2627 2407 2693 (gesen
2426 2622 2522 2676 den

1511 2694 1730 2761 Freund)
1765 2694 1989 2748 erheben
2023 2694 2255 2761 (gleichs.
2274 2693 2515 2759 zusugen)

1512 2762 1616 2815 und
1677 2762 1804 2814 wird
1874 2762 2097 2816 nachher
2164 2760 2518 2814 umschrieben

1512 2830 1673 2883 durch
1719 2830 1801 2883 die
1836 2829 2038 2883 Worte:
2092 2847 2160 2881 ne
2198 2834 2372 2896 ipsum
2406 2830 2523 2894 qui—

1512 2899 1629 2950 dem
1663 2915 1771 2950 esse
1804 2901 2157 2964 suspiciosum
2191 2912 2396 2963 semper
2425 2896 2525 2947 ali·

1513 2967 1647 3033 quid
1679 2969 2075 3017 existimantem
2110 2969 2177 3019 ab
2212 2968 2385 3019 amico
2414 2979 2521 3014 esse

1511 3036 1797 3095 violatum3
1822 3034 1991 3087 dieses
2016 3034 2156 3087 steht
2180 3049 2283 3087 von
2307 3033 2406 3086 den
2429 3031 2523 3084 Be-

1514 3101 1923 3169 schuldigungen
1972 3118 2135 3170 gegen
2173 3101 2274 3155 den
2309 3100 2525 3165 Freund,

1513 3169 1599 3223 die
1611 3170 1769 3222 durch
1780 3170 2110 3225 Verleumder
2120 3170 2222 3223 und
2234 3168 2527 3223 Zwischen-

1513 3240 1810 3359 ffiie‘wiffi
1845 3236 2524 3360 ‘iffaffib‘fflssffssffs

1516 3373 1676 3429 durch
1734 3378 1800 3428 ab
1858 3378 2043 3442 aliquo
2100 3376 2297 3427 allatas
2352 3374 2525 3437 (ange-

1518 3443 1719 3511 bracht)
1754 3445 2171 3496 criminationes.

1570 3516 1749 3564 tracto
1760 3506 2528 3579 besagtmehralsbesprechen:

1514 3583 1650 3633 etwa
1681 3574 1767 3633 ‘zu
1803 3579 2252 3633 charakterisieren
2288 3570 2481 3631 suche’.

1579 3646 1649 3711 fit
1662 3664 1846 3701 verum
1863 3649 2005 3701 illud
2025 3644 2399 3702 bewahrheitet
2416 3643 2525 3697 sich

1514 3715 1603 3769 der
1626 3714 1765 3772 Satz.

1581 3788 1771 3837 initio.-
1805 3784 1852 3835 V
1880 3786 1957 3838 18.

1576 3855 1815 3919 primum
1848 3868 1917 3903 ne
1951 3850 2055 3903 und
2082 3850 2272 3903 deinde
2304 3862 2413 3900 non
2447 3863 2530 3898 so-

1517 3918 1626 3973 lum
1677 3921 1842 3986 geben
1887 3917 2037 3971 beide
2083 3917 2165 3971 die
2201 3916 2529 3981 Ansium-ung
