2850 4450
282 1278 339 1331 21

393 247 477 306 30
1092 245 1363 300 LAELIUS
1396 246 1482 299 DE
1515 247 1821 303 AMICITIA.

563 420 657 481 Vl.
717 419 826 482 Est
869 419 1032 481 enim
1073 417 1330 480 amicitia
1379 420 1525 483 nihil
1569 420 1726 482 aliud
1761 420 1872 482 nisi
1906 421 2173 483 omnium
2203 419 2539 482 divinarum

389 506 906 584 humanarumque
953 521 1154 566 rerum
1200 523 1333 566 oum
1379 505 1794 567 benevolentia
1824 514 1884 568 et
1912 507 2155 568 caritate
2184 505 2537 582 consensio;

390 609 505 670 qua
552 591 790 670 quidem
843 589 1000 652 haud
1057 590 1181 652 seio
1233 609 1310 651 an
1357 600 1601 671 excepta
1646 591 1935 671 sapientia
1982 591 2129 653 nihil
2171 590 2385 652 melius
2426 592 2537 653 ho·

389 676 536 737 mini
581 675 658 737 sit
702 695 735 736 a
779 675 870 738 dis
913 675 1348 738 immortalibus
1393 676 1611 738 datum.
1703 675 1941 738 Divitias
1991 677 2088 738 alii
2131 686 2535 756 praeponunt,

389 762 608 822 bonam
636 760 735 822 alii
763 760 1179 835 valetudinem,
1209 761 1306 824 alii
1338 762 1685 842 potentiam,
1716 762 1814 823 alii
1845 762 2125 835 honores,
2156 761 2327 823 multi
2358 761 2535 824 etiam

388 847 738 928 voluptates.
825 845 1144 907 Beluarum
1188 847 1305 908 hoc
1348 847 1587 927 quidem
1634 856 1996 922 extremum3
2050 847 2145 908 illa
2190 857 2387 908 autem
2432 865 2533 909 su-

387 933 622 1012 periora
667 931 889 994 caduca
932 941 991 992 et
1035 931 1282 1006 ineerta,
1326 932 1521 1011 posita
1564 951 1688 994 non
1733 941 1852 994 tam
1897 933 1958 995 in
2006 932 2269 994 consiliis
2314 933 2533 996 nostris

388 1035 565 1095 quam
610 1017 672 1079 in
719 1019 994 1078 fortunae
1037 1017 1388 1079 temeritate.
1465 1017 1579 1090 Qui
1624 1027 1820 1080 autem
1866 1018 1927 1079 in
1972 1019 2188 1080 virtute
2231 1035 2530 1081 summum

386 1102 612 1163 honum
673 1112 940 1181 ponunt,
1000 1101 1302 1181 praeclare
1357 1102 1443 1164 illi
1501 1102 1773 1181 quidem3
1840 1103 1941 1165 sed
1987 1103 2135 1166 haee
2178 1103 2303 1182 ipsa
2347 1103 2533 1164 virtus

385 1186 700 1249 amicitiam
747 1198 806 1249 et
848 1186 1039 1268 gignit
1082 1197 1142 1248 et
1184 1187 1475 1262 continet,
1522 1207 1635 1250 nee
1676 1188 1809 1251 sine
1850 1189 2067 1251 virtute
2112 1187 2364 1250 amicitia
2401 1206 2530 1250 esse

390 1271 509 1334 ullo
567 1280 741 1352 pacto
800 1281 1016 1351 potest.
1103 1271 1222 1334 lam
1267 1272 1543 1335 virtutem
1609 1291 1680 1333 ex
1736 1273 2169 1336 consuetudine
2211 1273 2360 1334 vitae
2404 1290 2531 1334 ser-

386 1357 700 1436 monisque
746 1357 936 1419 nostri
979 1357 1443 1437 interpretemur
1480 1376 1594 1420 nee
1623 1377 1772 1432 eam,
1818 1369 1886 1420 ut
1916 1359 2155 1438 quidam
2184 1358 2361 1430 docti,
2392 1375 2527 1418 ver-

386 1443 599 1504 borum
623 1442 1059 1522 magnificentia
1077 1443 1394 1505 metiamur
1414 1442 1691 1523 virosque
1715 1443 1911 1506 bonos
1934 1463 2057 1518 οοε,
2081 1444 2183 1524 qui
2205 1441 2525 1516 habentur,

386 1546 802 1603 numeremus,
847 1527 1093 1601 Paulos,
1141 1525 1425 1604 Catones,
1473 1527 1683 1603 Galos,
1741 1529 2083 1610 Scipiones,
2140 1527 2371 1603 Philos3
2434 1528 2529 1590 his

384 1613 718 1676 communis
760 1614 875 1674 vita
907 1622 1190 1675 contenta
1221 1621 1338 1688 est;
1382 1632 1489 1675 eos
1516 1621 1712 1675 autem
1745 1615 2101 1688 omittamus,
2149 1613 2249 1693 qui
2282 1613 2529 1676 omnino

386 1716 680 1776 nusquam
724 1698 1129 1778 reperiuntur.
1198 1698 1370 1760 Tales
1409 1697 1595 1778 igitur
1636 1699 1797 1761 inter
1836 1700 1995 1762 viros
2039 1698 2290 1760 amicitia
2334 1706 2529 1760 tantas

384 1783 817 1863 oportunitates
867 1783 1075 1858 habet,
1135 1792 1386 1863 quantas
1427 1782 1525 1845 vix
1567 1802 1723 1863 queo
1768 1785 1985 1847 dicere.
2074 1784 2379 1866 Principio
2425 1784 2527 1863 qui

380 1932 578 1986 zweien
597 1933 722 1987 oder
740 1934 974 2001 wenigen
995 1926 1238 2001 ‘knupl't‘.
1278 1934 1393 2000 Vgl.

381 2001 454 2053 ad
505 2003 918 2055 benevolentiam
964 2003 1394 2068 coniungendam

378 2067 484 2121 Vlll
510 2071 602 2132 26,
639 2069 742 2122 und
779 2070 870 2123 anf
900 2070 989 2122 der
1024 2071 1212 2123 andern
1251 2069 1392 2122 Seite

378 2138 662 2190 dirimitur
695 2141 896 2190 caritas
933 2135 1036 2190 vm
1061 2141 1142 2191 27.

445 2204 528 2261 vl,
566 2207 708 2257 enim
741 2204 1038 2274 begu-findet,
1071 2207 1124 2260 in
1147 2193 1392 2260 Uber-ein-

376 2274 656 2342 stimmung
685 2275 780 2327 mit
815 2275 930 2328 dem
967 2275 1272 2342 folgenden,
1307 2276 1390 2328 die

377 2343 573 2397 zuletzt
595 2343 908 2411 behauptete
934 2343 1068 2397 hehe
1093 2343 1397 2412 Bedentung

376 2410 466 2465 der
500 2410 886 2465 Freundselisl't.

442 2480 584 2531 nihil
635 2480 790 2532 aliud
832 2480 944 2533 hier
991 2495 1033 2533 s.
1059 2496 1108 2532 v.
1133 2496 1181 2533 a.
1228 2481 1397 2535 niehts

376 2547 694 2614 Geringeres.

445 2632 565 2667 eum
600 2617 964 2669 benevolentia
1001 2620 1275 2683 consensio
1312 2616 1394 2668 die

375 2685 468 2736 mit
487 2676 1217 2738 Wohlwollen‘verbundene'
1237 2684 1396 2737 Uber-

374 2752 764 2819 einstimmung:
807 2752 967 2819 ven-gl.
1001 2768 1295 2805 sermonem
1331 2754 1397 2804 de

373 2823 620 2872 amicitia
655 2820 725 2874 13
770 2820 874 2873 und
917 2823 978 2872 in
1026 2824 1175 2873 omni
1215 2837 1276 2873 re
1316 2838 1396 2873 se-

372 2892 573 2940 veritas
605 2887 761 2940 xvul
785 2890 867 2942 66.

443 2960 741 3009 extrarium
775 2951 912 3009 ‘Dies
946 2957 1106 3009 letzte
1133 2955 1395 3025 (praepo-

373 3041 501 3077 nere
528 3026 845 3092 voluptates,
879 3024 962 3078 die
987 3024 1394 3078 sussehlietslieh

373 3094 626 3147 sinniiehe
671 3092 949 3160 Richtung)
1001 3093 1071 3146 ist
1115 3092 1394 3160 allerdings

375 3156 650 3224 viehiseh'3
695 3164 981 3229 superiora
1029 3161 1154 3228 geht
1188 3161 1278 3214 aus
1309 3162 1394 3214 die

377 3232 641 3284 einzelnen
687 3246 782 3283 vor
825 3229 916 3283 der
964 3228 1263 3282 Sinnenlust
1305 3245 1394 3297 ge·

377 3306 596 3351 nannten
635 3298 810 3362 Gruter,
847 3298 1005 3350 daher
1039 3297 1129 3351 der
1162 3295 1353 3362 Plural.

433 3368 718 3432 praeclare
741 3367 829 3418 illi
856 3366 1069 3431 quidem
1100 3360 1252 3431 ‘ganz
1278 3382 1395 3420 vor-

373 3427 634 3486 trefl'lich'=
691 3434 778 3485 illi
822 3437 1112 3499 (statuunt,
1157 3434 1394 3500 faciunt)

374 3517 434 3554 so
471 3502 643 3568 wenig
676 3517 740 3552 zu
775 3503 1096 3565 ubersetzen‚
1133 3502 1210 3553 als
1247 3506 1306 3553 tu
1339 3502 1393 3553 in

350 3569 532 3622 >Recte
567 3575 628 3621 tu
663 3569 873 3635 quidem
895 3568 936 3621 11
959 3572 1005 3623 8.
1057 3568 1170 3637 Vgl.
1195 3586 1393 3637 regna·

371 3642 453 3690 vit
485 3641 532 3689 is
566 3638 779 3705 quidem
811 3637 898 3689 XII
922 3640 1004 3691 41.

439 3712 493 3759 et
508 3709 697 3773 gignit
720 3710 771 3757 et
793 3710 1053 3758 eontinet:
1090 3704 1272 3759 XXVII
1295 3708 1392 3759 100

372 3782 425 3827 ei
457 3777 713 3828 conciliat
749 3778 802 3826 et
834 3780 1130 3827 conservat.

438 3859 548 3895 esse
584 3843 848 3895 bestehen.

439 3914 522 3967 21.
556 3927 729 3963 sermo
766 3908 1261 3977 Umgangsspraehe.

1564 1950 1664 1986 neo
1684 1936 1973 1985 meamus·
2002 1933 2145 1986 client
2168 1948 2261 1986 zur
2290 1932 2521 1987 Vervoll-

1498 2001 1810 2068 stiindigung
1844 2001 1936 2054 des
1960 2001 2266 2055 Gedankens
2291 2003 2393 2054 wie
2416 2018 2527 2053 non

1494 2072 1770 2122 metimus
1793 2065 1830 2134 >s
1836 2069 1970 2122 ohne
1993 2064 2112 2135 zu')‚
2147 2070 2391 2124 wiht-end
2414 2086 2525 2122 non

1492 2140 1782 2190 metiamur
1806 2137 1904 2189 den
1930 2137 2183 2204 (linimen,
2206 2138 2301 2192 (las
2324 2139 2521 2205 Gegen·

1494 2207 1584 2259 teil
1620 2206 2094 2260 aussehlietsenden
2120 2207 2406 2275 Gegensatz
2429 2223 2521 2273 ge·

1501 2277 1601 2328 ben
1636 2275 1829 2329 witi-de.

1566 2345 1763 2396 Paulos
1795 2343 2008 2397 Minner
2042 2345 2141 2396 wie
2168 2344 2376 2409 Paulae,
2414 2360 2521 2397 wo-

1501 2411 1583 2463 sfir
1618 2412 1715 2464 wir
1740 2427 1902 2478 sagea
1930 2403 2118 2465 ‘einen’
2142 2412 2357 2465 Paulus:
2394 2412 2519 2466 Cato

1500 2478 1569 2534 M.
1608 2479 1652 2529 V
1682 2481 1742 2532 13
1794 2480 2088 2547 Scipiones.
2157 2468 2293 2533 Uber
2329 2479 2520 2533 Paulus

1499 2547 1604 2599 und
1641 2546 1798 2600 Galus
1833 2565 1897 2601 zu
1931 2549 1973 2601 11
1996 2552 2043 2614 9,
2080 2549 2207 2601 iiber
2242 2547 2419 2602 Philus
2455 2563 2517 2600 zu

1497 2615 1564 2667 IV
1594 2619 1671 2671 14
1745 2615 1842 2669 Mit
1866 2617 2090 2670 Catones
2123 2618 2192 2669 ist
2215 2615 2283 2670 Μ.
2305 2614 2518 2670 Porcius

1498 2684 1625 2739 Cato
1660 2685 1934 2739 Censorius
1976 2686 2225 2751 gemeint,
2273 2685 2365 2736 mit
2400 2683 2514 2736 Soi-

1490 2754 1684 2819 piones
1702 2753 1793 2806 der
1802 2755 2021 2822 jungere
2040 2752 2216 2819 Seipio
2228 2751 2515 2803 Africanus.

1496 2819 1589 2872 Die
1633 2820 1743 2873 drei
1789 2826 1959 2874 ersten
1992 2818 2189 2873 Numen
2232 2819 2347 2871 sind
2382 2820 2513 2871 auch

1496 2887 1791 2944 xxvn1o1
1821 2903 2111 2942 zusammen
2135 2891 2387 2955 genennt:
2423 2886 2516 2939 das

1498 2955 1794 3010 Verhiltnis
1826 2957 1917 3010 der
1938 2956 2142 3009 Glieder
2173 2957 2273 3008 wie
2298 2954 2412 3008 xxl
2430 2956 2515 3010 81.

1496 3090 1531 3143 k
1566 3027 1649 3079 22.
1706 3027 2098 3091 oportunitates
2148 3024 2514 3077 Annehmlieb-

1533 3094 1689 3147 eiten.

1566 3165 1797 3227 quantas
1832 3160 1990 3227 ltingt
2018 3160 2162 3213 nieht
2184 3160 2517 3213 unmittelbar

1496 3242 1600 3281 von
1636 3230 1817 3281 dicere
1850 3229 1933 3282 ab.
1979 3228 2144 3295 Ginge
2179 3231 2365 3282 vorher
2398 3233 2515 3278 tan-

1497 3299 1569 3347 tis
1630 3303 1863 3349 ornatur
1902 3300 2389 3364 oportunitatibus,
2452 3310 2511 3345 so

1496 3368 1687 3417 mutste
1710 3380 1769 3418 es
1792 3366 1845 3419 in
1868 3365 1960 3419 der
1986 3364 2239 3435 syllepsis
2256 3354 2515 3430 ‘quantis’

1497 3437 1593 3485 vix
1627 3450 1762 3499 queo
1800 3435 1975 3485 dicero
2012 3434 2224 3487 heil'sen.

1566 3506 1660 3567 qui
1703 3506 1879 3569 potest
1923 3519 2033 3554 osso
2077 3504 2191 3552 viia
2236 3498 2417 3549 vitalis
2461 3500 2512 3562 (ὁ

1494 3574 1618 3637 βίος
1650 3574 1877 3636 fison-68)
1908 3565 2029 3622 ‘wie
2063 3568 2200 3620 kann
2230 3567 2321 3619 das
2344 3566 2513 3618 Leben

1496 3638 1578 3689 ein
1607 3639 1774 3691 Leben
1801 3633 1960 3691 sein’?
1986 3636 2299 3705 Oxymoron.
2347 3633 2510 3687 Tasso

1495 3706 1581 3758 bei
1598 3705 1821 3759 Goetlie:
1858 3701 2045 3757 ‘Wenn
2069 3703 2156 3755 ich
2170 3703 2315 3755 nieht
2332 3703 2513 3755 sinnen

1496 3773 1620 3826 oder
1654 3774 1860 3827 dichten
1885 3772 2004 3836 soll,
2039 3770 2110 3824 So
2134 3771 2203 3825 ist
2226 3771 2318 3824 das
2341 3770 2512 3823 Leben

1496 3842 1593 3895 mir
1639 3841 1759 3893 kein
1793 3841 1964 3893 Leben
2000 3832 2177 3894 mehr’.
2248 3840 2318 3892 De
2356 3839 2438 3892 Or.
2472 3836 2513 3889 lI

1497 3912 1546 3975 5,
1562 3912 1626 3963 20
1661 3913 1829 3961 vitam
1863 3909 2071 3961 nullam
2106 3926 2215 3961 esse
2238 3909 2511 3961 ducamus.
