2850 4450
397 281 478 341 76
1092 280 1362 335 LAELIUS
1396 280 1483 333 DE
1517 277 1823 333 AMICITIA.

559 453 744 536 Nepet
774 455 917 533 quis,
961 470 1136 532 neyo;
1181 455 1286 527 ait,
1331 455 1461 514 dio:
1502 462 1791 535 postremo
1832 453 2119 532 imperavi
2150 453 2365 534 eyomit
2395 452 2545 516 mihi

575 539 790 602 Omuia
829 539 1131 611 monitori,

399 631 463 685 ut
506 623 588 684 ait
626 621 783 684 idem
828 621 1174 697 Terentius,
1231 621 1336 684 sed
1386 621 1485 682 ille
1542 621 1603 684 in
1651 619 1982 683 Gnathonis
2033 639 2325 702 persona,
2378 623 2541 702 quod

293 719 357 770 94
397 708 568 770 amici
613 723 804 788 genus
845 705 1126 769 adhihere
1156 706 1404 769 omnino
1449 705 1697 768 levitatis
1740 715 1848 768 est.
1934 705 2105 768 Multi
2148 715 2346 769 autem
2378 707 2541 769 Gna-

395 793 648 856 thonum
670 791 891 856 similes
922 809 1058 853 cum
1087 792 1210 854 sint
1235 791 1388 864 loco,
1434 791 1695 865 fortuna,
1730 791 1880 853 fama
1909 791 2277 872 superiores,
2321 793 2536 856 horum

399 885 488 940 est
537 877 857 940 assentatio
909 878 1178 952 molesta,
1227 894 1364 939 cum
1413 876 1487 938 ad
1535 876 1850 939 vanitatem
1902 877 2149 939 accessit
2199 879 2539 941 auctoritas.

293 971 356 1026 95
397 962 642 1025 Secerni
685 970 880 1024 autem
928 960 1179 1024 blandus
1225 962 1449 1024 amicus
1478 979 1508 1022 a
1540 979 1680 1023 vero
1716 971 1777 1023 et
1803 962 2130 1024 internosci
2174 971 2293 1024 tam
2340 972 2539 1042 potest

398 1047 657 1110 adhibita
700 1045 1036 1126 diligentia,
1098 1065 1273 1127 quam
1319 1046 1518 1108 omnia
1562 1047 1755 1108 fucata
1799 1055 1859 1108 et
1899 1046 2169 1109 simulata
2213 1065 2246 1108 a
2290 1048 2539 1110 sinceris

398 1142 576 1212 atque
625 1133 797 1196 veris.
889 1132 1130 1208 Contio,
1182 1149 1334 1212 quae
1387 1151 1462 1194 ex
1516 1131 1969 1211 imperitissimis
2021 1140 2286 1208 constat,
2340 1143 2535 1195 tamen

398 1217 658 1280 iudicare
687 1217 856 1291 solet,
879 1218 1020 1297 quid
1051 1217 1287 1280 intersit
1314 1217 1476 1278 inter
1502 1216 1872 1298 popularem,
1903 1217 1960 1278 id
1994 1226 2083 1282 est
2112 1227 2539 1280 assentatorem

297 1309 358 1362 96
400 1312 460 1365 et
488 1301 672 1364 levem
704 1303 909 1377 civem,
956 1313 1015 1365 et
1036 1303 1212 1365 inter
1249 1309 1640 1376 constantem,
1690 1319 1957 1364 severum
1992 1311 2051 1364 et
2080 1321 2333 1383 gravem.
2394 1301 2542 1374 Qui-

398 1387 513 1449 bus
557 1386 856 1456 hlanditiis
901 1386 964 1450 C.
1009 1387 1281 1468 Papirius
1327 1404 1523 1467 nuper
1564 1386 1849 1448 influebat
1891 1387 1954 1449 in
2000 1405 2174 1450 aures
2218 1389 2537 1463 contioniS,

402 1490 535 1534 cum
580 1473 765 1534 ferret
806 1472 1000 1553 legem
1031 1474 1105 1535 de
1139 1471 1398 1534 tribunis
1442 1471 1524 1552 pl.
1554 1471 1919 1534 reficiendis!
1980 1472 2376 1536 Dissuasimus
2406 1492 2539 1546 noS‚

400 1557 500 1620 sed
557 1557 704 1619 nihil
753 1558 828 1619 de
879 1577 994 1634 me,
1049 1557 1124 1620 de
1167 1557 1447 1638 Scipione
1498 1556 1687 1618 dicam
1726 1556 2067 1622 lubentius,
2156 1557 2390 1630 Quanta
2440 1558 2537 1620 illa

401 1677 483 1688 —
528 1642 586 1704 di
631 1642 1022 1706 immortales!
1069 1675 1151 1689 -—
1199 1643 1310 1704 fuit
1365 1641 1649 1722 gravitaS,
1704 1650 1921 1720 quanta
1975 1643 2037 1704 in
2096 1643 2365 1706 oratione
2414 1661 2543 1704 ma-

469 1825 650 1892 Negat
688 1825 827 1878 nicht
863 1824 944 1877 fur
979 1825 1043 1877 Si
1074 1829 1241 1892 negat
1269 1819 1420 1892 ‘Sagt

401 1894 543 1946 einer
577 1885 748 1946 nein':
801 1891 1024 1946 sondern
1068 1893 1288 1961 positiv,
1331 1890 1420 1946 ‘Es

403 1968 520 2029 sagt
566 1961 745 2015 einer’.
814 1961 878 2015 Si
922 1958 1053 2013 wird
1097 1961 1168 2012 im
1204 1959 1420 2014 vorder-

401 2037 543 2083 satze
579 2030 795 2084 niemals
820 2028 1168 2095 ausgelassen.
1224 2028 1420 2083 Stellen

403 2099 504 2149 wie
533 2096 732 2153 ‘Unum
754 2101 1020 2163 cognoris,
1057 2113 1236 2149 omnes
1255 2097 1421 2149 noris’

403 2165 517 2218 sind
542 2181 605 2216 zu
630 2165 862 2218 erklfiren
882 2165 1012 2216 nach
1031 2163 1292 2233 Mafsgabe
1315 2180 1419 2217 von

403 2232 556 2287 Tusc-
582 2233 624 2286 1}
651 2237 732 2301 16,
756 2235 819 2287 37
831 2250 844 2283 :
880 2233 1074 2286 Adduo
1099 2236 1425 2285 inexercita-

403 2308 517 2354 tum
550 2302 790 2368 militem,
823 2302 1020 2353 mulier
1053 2302 1334 2357 videbitur..

467 2374 735 2507 ξιξιῗζνθὲξὲ
765 2370 911 2491 vktt'ihzi‘
949 2437 1032 2491 ich
1067 2436 1200 2489 habe
1237 2453 1292 2491 es
1328 2437 1424 2490 mir

405 2523 520 2560 zum
545 2506 730 2560 Gesetz
749 2506 1008 2587 gemacht.
1055 2503 1250 2557 Terenz
1273 2505 1421 2570 (Eun.

402 2572 445 2627 11
481 2576 540 2639 2,
578 2577 671 2640 21)
728 2574 850 2627 laist
907 2573 1006 2627 den
1066 2572 1424 2627 Schmarotzer

405 2643 606 2697 Gnatho
656 2644 777 2708 (von
811 2641 1028 2713 γνάθος
1060 2640 1419 2695 Kinnbacken:

405 2717 542 2791 etwa
567 2709 751 2775 Kaner,
785 2710 875 2764 lat.
888 2709 1101 2792 iliande)
1125 2709 1422 2776 grundsiitz-

405 2778 998 2964 ffinkssztljzffssffssss
1010 2778 1425 2912 &afflans

460 2927 516 2965 as
556 2928 602 2968 e.

475 2980 620 3047 quod
679 2994 854 3046 genus
922 2982 1086 3032 amici
1154 2981 1267 3033 eine
1334 2982 1429 3033 Art

405 3043 648 3102 ‘Freund'
703 3048 928 3102 welche:
976 3048 1286 3101 verachtlich
1323 3064 1427 3102 von

407 3118 521 3171 dem
543 3117 690 3171 einen
707 3115 923 3181 Gnatho,
943 3116 1167 3169 welcher
1183 3121 1426 3184 vermoge

408 3186 576 3238 seiner
629 3183 1090 3251 Speichelleckerei
1143 3184 1422 3250 gleichsam

408 3255 521 3307 eine
558 3252 739 3305 Klasse
776 3252 857 3304 fur
891 3253 1000 3305 sich
1037 3252 1213 3308 bildet.

476 3322 728 3373 adhibere
751 3321 1002 3384 zulassen‚
1027 3324 1243 3373 omnino
1273 3321 1421 3374 iiber-

408 3390 594 3456 haupt:
633 3391 848 3441 omnino
886 3389 1117 3440 levitatis
1150 3394 1241 3441 est.

467 3459 549 3510 9-4.
568 3457 907 3509 Gnathonum
917 3458 1117 3508 similes
1128 3450 1420 3509 die‘einem‘

407 3525 609 3579 Gnatho
628 3523 834 3576 ahnlich
859 3524 999 3576 sind:
1034 3525 1229 3577 Paulos
1247 3524 1311 3576 Vl
1339 3527 1423 3578 21.

405 3594 479 3646 lm
516 3592 709 3646 Latein.
734 3591 804 3644 ist
836 3592 1050 3655 similes,
1087 3593 1227 3644 nicht
1249 3592 1427 3659 Multi,

408 3662 490 3714 fiir
514 3661 607 3713 das
631 3659 806 3713 Subst.
831 3676 894 3714 zu
919 3660 1163 3713 nehmen:
1198 3661 1425 3712 similem

407 3727 769 3849 mzouijnmiiga}
782 3824 846 3835 --
869 3799 1186 3864 superiores.
1257 3794 1424 3848 Durch

411 3865 493 3917 ein
540 3866 708 3917 hinter
759 3867 868 3916 sint
913 3868 1169 3932 gesetztes
1211 3862 1426 3917 Komma

411 3932 588 3984 wt'irde
625 3932 916 3999 dasjenige,
965 3931 1168 3985 worauf
1211 3947 1267 3984 es
1317 3933 1426 3985 hier

1523 1825 1655 1877 eben
1690 1823 1971 1892 ankommt‚
2006 1826 2083 1879 als
2112 1826 2417 1895 Apposition
2452 1842 2543 1879 zu·

1522 1892 1835 1946 rucktreten.

1591 1963 1708 2013 loco
1744 1960 1884 2013 nicht
1916 1956 2263 2016 ‘hinsichtlich
2289 1963 2379 2016 des
2404 1962 2535 2014 Ran-

1524 2024 1653 2096 ges'3
1676 2027 1811 2081 denn
1826 2028 1993 2082 dieser
2010 2031 2078 2082 ist
2087 2031 2178 2082 mit
2196 2031 2539 2098 eingeschlos-

1525 2097 1623 2149 den
1656 2096 1709 2149 in
1746 2096 1835 2149 der
1871 2098 2104 2155 ausseren
2137 2097 2297 2165 Lago,
2344 2098 2539 2152 welche

1524 2163 1685 2217 durch
1742 2161 1971 2224 fortuna
2027 2165 2327 2219 bezeichnet
2382 2165 2539 2219 wird:

1526 2232 1747 2286 sondern
1782 2228 1894 2286 ‘der
1928 2224 2203 2287 Abkunit'.

1592 2304 1808 2353 vanitas
1841 2302 1977 2355 leere
2013 2301 2205 2356 Worte.

1594 2373 1898 2422 auotoritas
1932 2370 2157 2423 {iussores
2180 2371 2406 2435 Ansehn‚
2443 2370 2543 2423 wie

1527 2439 1699 2490 honor
1732 2436 1847 2489 xlv
1871 2441 1937 2492 49
1975 2438 2175 2491 {iussere
2210 2438 2357 2492 Ehre.
2426 2498 2430 2503 ,

1596 2508 1678 2559 95.
1713 2508 1922 2557 secerni
1965 2505 2213 2573 bildlich,
2262 2505 2417 2561 daher
2450 2507 2545 2559 mit

1524 2578 1820 2694 {nltlertaosei
1864 2573 2194 2643 keineswegs
2229 2590 2545 2628 zusammen·

1546 2661 1573 2694 a
1616 2657 1678 2694 en
1718 2681 1731 2694 .
2243 2656 2249 2661 ·

1590 2710 1837 2762 iudicare
1852 2710 1989 2761 solet
2007 2703 2196 2763 ‘weiss'
2215 2709 2541 2777 gewohnlich

1526 2794 1591 2831 zu
1628 2776 1929 2831 beurteilen.

1587 2846 1875 2913 popularis
1910 2846 1993 2898 ein
2032 2844 2181 2897 Manu
2216 2844 2307 2897 des
2331 2843 2540 2897 Volkes.

1597 2914 1725 2965 Ievis
1760 2912 2123 2967 ehamkterlos.

1598 2997 1836 3033 severum
1886 2986 1938 3032 et
1974 2996 2197 3046 gravem
2242 2978 2547 3033 erklfirende

1534 3049 1839 3117 Apposition
1876 3064 1939 3101 zu
1975 3052 2319 3112 constantem,
2354 3049 2457 3101 wie
2486 3050 2543 3114 ja

1529 3118 1661 3170 auch
1680 3117 1999 3184 popularem
2028 3116 2187 3169 durch
2207 3117 2337 3169 zwei
2359 3116 2546 3169 andere

1527 3184 1749 3252 Begriffe
1784 3186 1943 3237 niiher
1977 3184 2239 3237 bestimmt
2276 3184 2419 3237 wird.

1595 3256 1677 3307 96.
1716 3254 1769 3305 0.
1796 3254 2073 3319 Papirius:
2110 3252 2177 3305 X}
2202 3255 2285 3307 39.

1591 3320 1862 3383 influebat
1882 3344 1950 3365 —
1972 3323 2288 3373 insinuabat
2327 3336 2409 3383 se,
2457 3334 2545 3370 zu-

1527 3388 1696 3455 gleich
1708 3390 1800 3441 mit
1810 3388 2106 3456 Beziehung
2120 3388 2214 3441 auf
2221 3388 2319 3441 den
2330 3387 2547 3439 schmei·

1528 3456 1777 3509 chelnden
1815 3455 2096 3509 Redeflnrs.

1595 3525 1904 3577 dissuadere
1930 3525 2097 3590 legem
2128 3536 2291 3590 gegen
2314 3519 2416 3573 den
2441 3520 2546 3574 An·

1529 3596 1642 3659 trag
1678 3593 1945 3659 sprechen‚
1978 3608 2078 3643 nos
2111 3591 2193 3643 ich
2227 3589 2412 3642 selbst:
2448 3606 2549 3642 nos

1528 3660 1633 3713 und
1679 3661 1743 3712 de
1778 3676 1886 3726 me,
1930 3660 2031 3711 wie
2065 3655 2408 3724 κατεάξαμεν
2443 3657 2549 3710 und

1529 3729 1749 3795 ἔχεσκον
1766 3727 1910 3780 Hom.
1930 3727 1986 3779 ll.
1997 3726 2104 3779 Xlll
2125 3728 2222 3780 257
2240 3747 2252 3778 :
2274 3730 2341 3778 τό
2357 3726 2549 3795 (ἔγχος)

1528 3816 1597 3849 νυ
1613 3800 1717 3867 γὰρ
1735 3794 2093 3862 κατεάξαμεν,
2107 3798 2140 3846 ὂ
2157 3799 2292 3864 πρὶν
2311 3795 2555 3861 ἔχεσκον.

1530 3933 1561 3985 h
1596 3865 1695 3916 illa
1730 3864 1942 3931 damnis,
1978 3864 2060 3915 bei
2098 3863 2266 3917 dieser
2298 3862 2550 3929 Gelegen-

1566 3934 1652 3986 eit.
