2850 4450
1265 0 2845 176 ———·—]

1283 281 1534 336 lle—9.
2406 281 2487 342 19

345 471 602 533 quonam
633 463 806 534 pacto
837 464 1087 515 mortem
1119 455 1380 518 Africani
1410 457 1585 530 feras,
1632 473 1825 534 eoque
1852 455 2055 534 magis,
2098 455 2259 534 quod
2288 457 2489 535 proxi-

277 562 281 567 ·
342 540 454 602 mis
507 540 724 609 Nonis,
791 557 928 602 cum
994 541 1054 600 in
1123 540 1333 602 hortos
1388 540 1459 602 D.
1517 541 1685 603 Bruti
1751 540 1991 619 auguris
2047 541 2487 602 commentandi

341 643 545 699 causa,
605 633 674 686 ut
727 625 970 700 assolet,
1021 625 1422 701 venissemus,
1481 634 1547 687 tu
1604 644 1730 687 non
1782 626 2028 699 affuisti,
2089 626 2190 706 qui
2236 625 2486 706 diligen-

340 711 568 774 tissime
611 728 848 791 semper
888 710 1054 772 illum
1099 710 1255 772 diem
1301 719 1361 773 et
1404 710 1548 774 illud
1592 728 1815 773 munus
1856 710 2066 773 solitus
2094 729 2253 774 esses
2298 709 2485 774 obire.

511 795 914 856 Scisvons.
987 795 1300 867 Quaerunt
1341 796 1599 876 quidem,
1647 795 1709 858 C.
1756 796 1935 870 Laeli,
1978 796 2165 870 multi,
2215 805 2279 858 ut
2322 804 2412 860 est
2454 815 2489 857 a
2515 807 2545 858 8

341 880 572 942 Fannio
617 880 854 942 dictum.
929 880 1047 942 Sed
1092 899 1204 961 ego
1249 880 1308 942 id
1350 880 1707 961 respondeo,
1753 880 1911 960 quod
1941 880 2202 943 animum
2246 881 2487 956 adverti,

338 974 400 1026 te
444 965 709 1026 dolorem
728 1011 745 1040 ,
788 982 966 1044 quem
1027 966 1330 1046 acceperis
1386 983 1525 1029 cum
1569 966 1784 1028 summi
1829 966 1937 1028 viri
1978 974 2105 1028 tum
2151 966 2485 1028 amicissimi

340 1059 550 1126 morte,
597 1051 750 1112 ferre
793 1050 1096 1112 moderate
1141 1069 1256 1112 nec
1283 1051 1547 1132 potuisse
1592 1069 1717 1114 non
1761 1052 2119 1114 commoveri
2162 1069 2275 1114 nec
2305 1051 2485 1114 fuisse

338 1136 394 1196 id
441 1136 818 1198 humanitatis
850 1144 1007 1198 tuae.
1071 1134 1245 1208 Quod
1289 1146 1488 1199 autem
1518 1136 1705 1200 Nonis
1745 1137 1809 1198 in
1840 1137 2090 1217 collegio
2122 1146 2328 1199 nostro
2360 1155 2484 1198 non

339 1221 622 1294 affuisses,
651 1221 1046 1283 valetudinem
1077 1222 1415 1302 respondeo
1448 1240 1704 1297 causam,
1748 1241 1876 1285 non
1906 1221 2256 1285 maestitiam
2282 1221 2483 1284 fuisse.

506 1307 849 1368 Lsnmus·

949 1306 1132 1368 Recte
1186 1314 1254 1369 tu
1310 1307 1582 1387 quidem,
1639 1307 1944 1382 Scaevola,
2003 1315 2062 1369 et
2120 1325 2275 1369 vere.
2360 1307 2484 1369 Nec

337 1391 499 1454 enim
544 1390 618 1452 ab
666 1392 778 1453 isto
823 1391 1041 1467 officio,
1087 1393 1247 1470 quod
1291 1409 1529 1472 semper
1571 1392 1851 1472 usurpavi
1894 1410 2030 1453 cum
2060 1392 2336 1467 valerem,
2380 1392 2483 1453 ab·

336 1476 473 1538 duci
517 1475 900 1537 incommodo
946 1494 1079 1538 meo
1124 1476 1324 1551 debui,
1368 1495 1483 1538 nec
1528 1477 1647 1538 ullo
1695 1494 1834 1538 casu
1879 1477 2135 1539 arbitror
2176 1478 2293 1539 hoc
2338 1494 2484 1538 con-

337 1561 517 1622 stanti
559 1560 789 1621 homini
831 1578 1008 1640 posse
1052 1561 1422 1640 contingere,
1468 1570 1537 1622 ut
1578 1561 1695 1624 ulla
1737 1561 2097 1624 intermissio
2139 1562 2243 1622 fiat
2286 1561 2482 1622 officii.

336 1645 430 1706 Tu
474 1651 702 1719 autem,
747 1643 972 1719 Fanni,
1031 1645 1190 1724 quod
1248 1646 1391 1707 mihi
1450 1654 1681 1707 tantum
1739 1645 1921 1707 tribui
1977 1646 2155 1720 dicis,
2200 1655 2488 1725 quantum
2514 1657 2545 1708 9

409 1763 682 1827 proximis
691 1759 790 1814 den
803 1761 984 1813 nichst
992 1777 1366 1829 vergangenen.

411 1830 811 1882 commentandi
846 1845 1026 1884 cauea.
1100 1830 1368 1883 Commen-

342 1901 455 1950 tari
478 1898 580 1963 eig.
606 1896 969 1964 ,iiberdenkem
1007 1898 1125 1952 doh.
1151 1897 1366 1953 Studien

337 1967 574 2030 macheu,
594 1965 848 2033 Ubungen
873 1967 1204 2020 vornehmen.
1248 1965 1368 2020 Dies

338 2035 517 2087 thaten
555 2034 638 2087 die
664 2034 874 2100 Augur-n
911 2050 977 2086 an
1003 2037 1170 2088 einem
1206 2036 1366 2088 freien

338 2101 484 2154 Platz
519 2102 812 2156 ausserhalb
856 2103 948 2156 der
982 2102 1162 2169 stadt,
1209 2102 1368 2157 daher

337 2185 460 2238 gem
497 2171 550 2223 in
586 2169 913 2239 parkartigen
949 2171 1202 2240 Aul-gen.

406 2242 502 2306 qui
547 2240 741 2292 solitus
784 2257 921 2291 osnes
972 2241 1034 2294 dn
1085 2242 1154 2294 du
1207 2240 1357 2294 doch.

336 2306 462 2360 Dem
488 2307 646 2360 Sinne
671 2310 801 2361 nach
825 2309 969 2361 istiu
994 2313 1090 2375 qui
1123 2310 1206 2362 ein
1231 2308 1359 2362 kon-

338 2376 568 2429 nessives
605 2392 724 2428 cum
761 2377 1040 2429 enthalten.

406 2446 554 2495 obire
574 2444 696 2511 (εἰς.
720 2444 974 2510 begehen)
995 2460 1209 2510 munus,
1241 2444 1358 2496 eine

338 2510 704 2577 Obliegenheit
739 2512 1118 2565 wahrnehmen.

405 2581 454 2633 8.
492 2580 705 2645 quidem
740 2580 1036 2645 allerdings.

405 2663 526 2699 cum
547 2651 741 2699 cummi
763 2650 873 2699 viru·
906 2652 1022 2699 tum
1045 2649 1359 2699 amicissimi

337 2716 450 2768 eine
496 2730 612 2784 sog.
662 2715 984 2781 Gonjunctio.
1063 2714 1232 2767 Dutch
1273 2714 1358 2767 die

336 2783 835 2851 Zwischenstellung
855 2784 948 2836 des
963 2782 1358 2850 gemeinschaft-

336 2853 506 2905 lichen
519 2855 642 2939 ‘vir-‘i
663 2854 938 2920 gewinnen
974 2852 1060 2933 die
1083 2851 1356 2937 Adiectiva

336 2921 1194 3042 Ζζῖἒὲήὲηὲἒίἔέἰῗὲἶὲἰῗιὲἶῗιξὲ
1209 2919 1358 3040 κ’ἕὲιῖ

338 3055 439 3107 und
465 3072 529 3108 an
554 3055 874 3110 Nachdruck.
914 3056 1031 3125 Vgl.
1051 3072 1148 3108 nec
1165 3058 1357 3107 melior

336 3125 424 3173 vir
455 3139 554 3174 nec
589 3125 793 3177 clarior
837 3125 870 3192 ξ
907 3129 958 3186 6,
1005 3141 1125 3176 cum
1169 3130 1222 3175 et
1255 3139 1354 3190 ego

337 3207 497 3311 gram
514 3207 625 3313 cing
644 3198 694 3243 et
704 3197 873 3259 pauci
891 3194 1177 3246 admodum
1195 3191 1357 3254 fami-

355 3276 501 3312 aares
629 3299 642 3311 .

404 3345 504 3380 nec
539 3357 606 3365 —
629 3342 728 3378 nec
763 3327 944 3380 stehen
978 3328 1088 3381 hier
1124 3329 1267 3381 nicht
1300 3330 1353 3381 in

337 3396 747 3463 Korresponsion
766 3410 829 3447 zu
852 3395 1112 3461 einander,
1129 3396 1352 3449 sondern

337 3480 393 3517 es
440 3466 509 3517 ist
547 3465 697 3531 jedes
743 3464 824 3516 fiir
869 3463 981 3516 sich
1017 3479 1080 3515 zu
1115 3465 1352 3519 nehmen.

337 3530 437 3587 Das
455 3539 590 3586 erste
620 3533 756 3586 reiht
788 3531 1262 3599 entgegenstellend
1287 3548 1350 3585 un

337 3600 425 3660 (dn
470 3604 713 3655 wiit'stest
767 3601 819 3653 in
863 3600 1066 3652 deinem
1113 3598 1352 3652 Schmerz

337 3667 468 3720 Mass
491 3685 556 3722 zu
582 3670 769 3730 holten,
790 3669 984 3721 hiittest
1000 3667 1194 3733 jedoch
1211 3668 1354 3721 nicht

337 3738 717 3790 unerschiittert
752 3738 956 3790 bleiben
994 3737 1236 3802 konnen),
1259 3735 1352 3788 das

337 3804 522 3856 zweite
567 3806 833 3858 erklirend
884 3804 1008 3870 (und
1053 3803 1164 3857 dies
1210 3804 1352 3856 bitte

337 3871 470 3924 auch
490 3872 606 3925 dein
625 3874 998 3927 menschliches
1008 3871 1194 3926 Gefuhl
1212 3872 1356 3925 nicht
1421 3878 1424 3881 ’

339 3942 615 4006 gestnttet).

1543 1762 1690 1829 quod
1718 1778 1828 1815 non
1864 1764 2111 1828 affuisset
2134 1777 2246 1816 was
2269 1762 2363 1816 das
2396 1779 2484 1816 an-

1472 1830 1671 1884 betriife
1707 1830 1847 1884 dass:
1883 1833 1989 1898 vgl.
2026 1834 2061 1898 ᾗ
2096 1833 2147 1885 9.

1538 1900 1805 1963 valetudo,
1824 1899 1903 1952 uls
1918 1915 2029 1951 vooe
2044 1900 2241 1961 media,
2260 1914 2364 1951 von
2383 1897 2485 1951 Un-

1470 1966 1803 2034 pit'slichkeit
1841 1961 2006 2031 (‘dein
2046 1959 2356 2032 Befinden');
2397 1966 2486 2019 dn-

1472 2035 1647 2100 durch‚
1683 2035 1745 2088 da
1753 2037 1797 2088 ss
1820 2051 2041 2088 causam
2073 2051 2175 2088 von
2198 2033 2371 2097 fuisse
2396 2049 2483 2101 ge-

1470 2107 1643 2156 trennt
1676 2104 1769 2168 ist,
1815 2104 1944 2157 wird
1979 2104 2065 2156 die
2098 2103 2238 2157 Rede
2272 2103 2485 2170 sesillig

1462 2170 1793 2239 eliger-undet.

1527 2240 1685 2293 Recte
1708 2245 1768 2292 tu
1792 2240 2020 2307 quidem.
2067 2239 2170 2293 Des
2192 2238 2481 2294 Pronomen

1460 2309 1531 2391 ist
1588 2309 1683 2360 mit
1742 2309 2199 2391 untergeordneter
2255 2307 2479 2375 Geltung

1462 2376 2339 2523 {¹125{⁸⁰1}¹22¹1'2⁶”„’1011¹1”‘¹m13²3ss}‘m
2361 2376 2479 2507 ‘2²3

1462 2512 1675 2578 quidem
1710 2515 1876 2573 reete)
1889 2550 1904 2573 ‚
1950 2512 2171 2564 sondern
2206 2516 2300 2563 mit
2332 2516 2478 2563 recte

1462 2595 1525 2631 zu
1543 2579 1821 2632 verbinden
1836 2574 2017 2632 :‘Ganz
2037 2580 2181 2633 recht
2196 2578 2303 2631 und
2315 2580 2474 2645 wahr,

1460 2648 1594 2700 mein
1616 2642 1867 2700 Scivoln'.
1895 2647 2008 2715 Vgl.
2028 2647 2097 2700 vl
2115 2650 2181 2701 20
2190 2648 2477 2714 praeclare

1458 2716 1546 2767 inv:
1579 2716 1807 2782 quidm.

1526 2783 1641 2836 Nec
1662 2814 1722 2823 --
1743 2798 1842 2836 nec
1876 2783 2018 2836 dient
2051 2784 2162 2837 hier
2187 2783 2334 2853 dazu,
2357 2784 2473 2836 dem

1460 2851 1783 2905 Besonderen
1820 2853 1907 2915 (ab
1939 2856 2045 2904 isto
2080 2851 2265 2915 officio
2290 2880 2357 2891 -·
2392 2856 2475 2903 in·

1458 2921 1731 2973 commodo
1748 2922 1883 2985 meo)
1902 2919 1994 2973 das
2006 2920 2323 2987 Allgemeine
2342 2920 2473 2981 (ullo

1459 3005 1590 3042 casu
1626 3018 1689 3027 ——
1730 2989 1843 3041 ulla
1886 2992 2214 3041 inter-missio
2258 2986 2471 3053 officii),

1458 3057 1564 3111 und
1590 3072 1729 3109 κιναι-
1757 3056 2050 3119 chiastisch‚
2090 3057 2471 3123 gegenuberzu-

1457 3126 1673 3179 stellen:
1710 3123 1823 3176 Von
1848 3124 2016 3177 dieser
2031 3123 2235 3189 Pflictat,
2270 3124 2353 3176 die
2388 3124 2469 3176 ich

1457 3194 1509 3245 in
1529 3191 1791 3259 gesunden
1805 3190 1979 3259 Tagen
1993 3196 2123 3245 stets
2142 3192 2301 3259 gei'ibt
2320 3190 2469 3255 habe,

1457 3262 1601 3314 bitte
1635 3260 1721 3312 ich
1754 3260 1890 3311 mich
1914 3259 2071 3311 durch
2106 3260 2221 3313 eine
2260 3262 2472 3327 person-

1455 3329 1591 3381 liche
1660 3326 2173 3381 Unennehmlichkeit
2254 3328 2471 3381 ehenso-

1453 3397 1629 3519 {rffnig
1663 3396 1911 3531 asstmliien
1923 3396 2126 3517 hlnsgen
2160 3396 2471 3517 durfe3,fgls

1527 3480 1582 3518 er
1618 3480 1681 3516 au
1753 3504 1767 3530 ‚
1863 3480 1922 3516 ac
2072 3480 2235 3517 eurem
2338 3481 2364 3516 ιι
2424 3480 2471 3517 r-

1453 3534 1647 3598 hoiten,
1670 3532 1835 3586 einem
1862 3530 2047 3585 Manne
2071 3549 2171 3585 von
2196 3532 2473 3586 Charakter

1454 3602 1548 3654 dns
1581 3602 1849 3667 begegnen
1888 3599 2042 3653 kann.

1524 3672 1573 3723 9.
1599 3669 1745 3735 quod
1762 3698 1825 3707 —-
1845 3667 1986 3730 facit
2008 3671 2197 3719 amice:
2224 3681 2376 3719 wenn
2400 3666 2471 3719 du

1455 3767 1523 3777 —
1544 3752 1605 3790 so
1640 3737 1711 3788 ist
1739 3735 1829 3789 das
1865 3736 2010 3788 recht
2046 3733 2328 3789 freundlich
2367 3750 2469 3787 von

1526 3878 1729 3925 tantum
1766 3872 1851 3926 ein
1890 3861 2042 3925 ‘Lob'
2090 3856 2213 3934 (v‘vie
2248 3870 2330 3922 ich
2364 3873 2467 3937 es):

1455 3942 1561 4009 vgl.
1600 3944 1699 3994 hoc
1732 3942 1765 4006 ᾗ
1801 3942 1850 3994 6.
1923 3942 1924 3945 ’

1982 4024 2059 4077 2*
