2850 4450
1243 253 1290 306 V
1318 258 1612 309 18—20..

343 429 544 509 gritaS,
590 427 872 506 aequitas,
919 424 1255 499 liberalitas,
1303 445 1414 489 nec
1446 427 1611 488 sitin
1644 427 1729 488 eis
1760 427 1877 488 ulla
1922 426 2231 507 cupiditas,
2270 426 2478 501 libido,

340 513 598 587 audacia,
645 514 882 591 sintque
927 529 1136 592 magna
1179 513 1546 586 constantia,
1592 520 1659 573 ut
1702 511 1740 573 ii
1785 513 2063 585 fuerunt,
2108 513 2481 592 modoquos

2399 223 2545 312 29'

342 599 660 672 nominavi,
705 598 814 658 hos
857 596 1014 658 viros
1059 596 1270 672 bonoS‚
1315 607 1384 658 ut
1424 597 1610 658 habiti
1654 608 1815 670 suut,
1858 597 1944 659 sic
1974 597 2146 658 etiam
2178 597 2481 678 appellan-
2552 663 2558 669 ,

339 685 447 745 dos
476 691 771 764 putemus,
814 681 948 760 quia
978 691 1325 762 sequantur,
1370 691 1657 762 quantum
1689 683 1961 744 homiues
1988 693 2262 762 possunt,
2307 693 2481 744 natu-

340 787 486 842 ram,
533 768 815 848 optimam
859 766 1014 829 hene
1045 767 1272 829 vivendi
1303 768 1536 829 ducem.
1600 767 1702 828 Sic
1744 767 1905 828 enim
1950 767 2093 828 mihi
2139 769 2481 848 perspicere

339 854 561 925 videor,
605 853 682 915 ita
733 861 901 914 natos
944 871 1074 915 esse
1119 871 1248 926 nos,
1295 861 1362 913 ut
1404 853 1563 914 inter
1598 870 1807 914 omnes
1837 861 1994 914 esset
2020 852 2271 914 societas
2302 871 2481 932 quae-

341 939 493 1012 dam,
537 939 726 1000 maior
769 948 985 1012 autem,
1027 948 1098 998 ut
1127 939 1377 1017 quisque
1405 938 1677 1017 proxime
1705 938 2033 999 accederet.
2094 937 2298 1016 Itaque
2327 940 2483 1001 cives

341 1025 604 1103 potiores
647 1041 823 1102 quam
867 1023 1156 1103 peregini,
1199 1023 1526 1103 propinqui
1570 1039 1747 1102 quam
1776 1023 1983 1097 alieni;
2027 1040 2163 1084 cum
2194 1024 2285 1085 his
2321 1025 2479 1085 enim

341 1110 652 1170 amicitiam
701 1119 908 1170 natura
953 1108 1078 1188 ipsa
1123 1109 1400 1188 peperit3.
1444 1107 1549 1170 sed
1595 1126 1661 1169 ea
1708 1127 1832 1169 non
1878 1109 2021 1170 satis
2069 1108 2249 1170 habet
2296 1110 2482 1170 firmi-

339 1195 493 1256 tatis.
580 1195 845 1273 Namque
889 1194 1004 1255 hoc
1054 1202 1318 1274 praestat
1372 1191 1625 1254 amicitia
1684 1193 2150 1274 propinquitati,
2208 1195 2365 1273 quod
2412 1214 2483 1255 ex

342 1280 790 1359 propinquitate
835 1279 1246 1341 benevolentia
1289 1278 1416 1340 tolli
1458 1287 1671 1359 potest,
1716 1297 1786 1340 ex
1817 1279 2067 1341 amicitia
2101 1299 2220 1341 non
2253 1288 2483 1359 potest;

338 1365 564 1426 sublata
611 1364 768 1425 enim
815 1363 1226 1426 benevolentia
1258 1365 1547 1426 amicitiae
1580 1381 1797 1426 nomen
1838 1364 2082 1444 tollitur,
2128 1365 2483 1445 propinqui-

342 1451 478 1510 tatis
521 1458 740 1510 manet.
829 1450 1060 1518 Quanta
1105 1459 1301 1510 autem
1345 1449 1433 1510 vis
1476 1449 1763 1510 amicitiae
1806 1449 1900 1519 sit,
1947 1467 2019 1510 ex
2062 1450 2177 1511 hoc
2222 1450 2482 1529 intellegi

339 1533 590 1594 maxime
619 1542 836 1612 potest,
883 1533 1038 1611 quod
1071 1551 1142 1594 ex
1173 1534 1405 1595 infinita
1436 1533 1717 1595 societate
1746 1534 1984 1612 generis
2012 1534 2274 1607 humani,
2307 1552 2483 1613 quam

342 1618 676 1678 conciliavit
733 1617 858 1696 ipsa
917 1628 1156 1692 natura,
1216 1619 1294 1679 ita
1353 1626 1657 1679 contracta
1713 1636 1813 1679 res
1870 1626 1961 1680 est
2019 1626 2080 1678 et
2129 1619 2375 1680 adducta
2420 1620 2481 1680 in

2527 1457 2589 1507 20

341 1712 690 1782 angustum,
749 1711 816 1762 ut
871 1703 1066 1764 omnis
1123 1703 1333 1764 caritas
1378 1712 1478 1764 aut
1523 1704 1679 1764 inter
1723 1703 1875 1764 duos
1916 1713 2019 1765 aut
2061 1704 2219 1765 inter
2262 1723 2485 1784 paucos
2550 1755 2555 1760 .

341 1791 707 1884 iungeretur.

406 1945 472 1990 ut
514 1941 560 1988 ii
597 1937 852 2022 fuerunt,
900 1937 1120 1990 namlich
1154 1953 1354 2004 magna

1457 1942 1541 1990 ita
1572 1941 1632 1988 in
1668 1953 1789 1988 eum
1822 1939 2169 2003 benignitatis
2188 1938 2485 2004 plurimum

341 2009 666 2060 constantia:
697 1999 790 2058 ‘'es
829 2021 1068 2090 gewesen
1103 2006 1236 2062 sind.

1458 2005 1786 2067 conferetur.

401 2078 529 2141 quia
552 2077 890 2158 sequantur(
899 2069 1012 2127 ‘das
1029 2079 1234 2128 musaeu
1260 2076 1356 2126 wir

333 2158 508 2267 Ws.
465 2144 595 2195 doch
620 2136 817 2208 sagen’)
843 2143 941 2195 wie
967 2146 1096 2208 quia
1119 2147 1356 2194 vixerim

405 2253 508 2331 Sic·
519 2282 658 2331 mim
682 2281 817 2330 mihi
835 2283 1138 2346 perspicere
1153 2281 1356 2346 videor,

337 2350 418 2397 ita
453 2354 608 2399 natos
645 2364 754 2397 esse
786 2362 886 2399 noe
920 2354 1017 2401 cet.
1091 2347 1182 2399 Mit
1219 2353 1358 2399 enim

337 2416 438 2465 und
488 2420 646 2466 natos
683 2431 792 2465 esse
827 2413 956 2465 wird
990 2416 1148 2467 niiher
1183 2418 1358 2479 einge-

337 2498 538 2549 gangen
587 2482 677 2533 auf
709 2486 837 2548 quia
872 2489 1167 2549 sequantur
1201 2488 1360 2535 natu-

335 2551 1358 2685 {tractata}vinagia?

337 2686 708 2753 Freundschaft
743 2685 880 2737 kann
905 2702 1001 2738 nur
1021 2691 1171 2739 unter
1192 2686 1357 2739 Guten

337 2754 652 2807 stattfinden.
736 2753 1035 2821 Diejenigen
1083 2754 1230 2819 aber,
1275 2756 1358 2807 die

337 2838 453 2875 man
504 2823 580 2873 als
625 2826 738 2874 viri
784 2826 912 2873 boni
956 2824 1024 2874 im
1063 2822 1218 2875 Sinne
1267 2822 1360 2876 des

341 2891 668 2959 praktischen
693 2891 892 2943 Lebens
924 2891 1221 2955 anerkennt,
1258 2893 1360 2944 zei·

341 2974 437 3025 gen
475 2959 557 3010 die
587 2974 649 3010 an
675 2960 830 3011 ihuen
856 2959 1208 3025 geschitzten,
1243 2974 1361 3013 vor-

340 3026 627 3157 Ξυὲἔνῖζίεθ
653 3028 954 3146 geslelligend
964 3027 1360 3148 Eigegschafhen

375 3110 403 3145 e
469 3110 496 3144 a
634 3109 730 3146 wei
805 3110 880 3147 ste
959 3111 1036 3146 em
1126 3111 1226 3163 uge
1306 3110 1362 3149 er

341 3160 504 3213 Natur
538 3160 728 3227 folgen.
799 3162 912 3215 Von
945 3162 1104 3215 Natur
1142 3114 1363 3217 ngamlich

340 3230 431 3281 hat
486 3229 576 3280 der
623 3228 832 3281 Mensch
887 3231 970 3283 die
1014 3230 1252 3299 Neigung
1300 3248 1365 3285 zu

279 3389 285 3394 -
341 3296 1365 3421 {3²5‘lltssissfflizzzfflffffi‘zh'aziza32?

343 3435 572 3501 dingung
606 3434 690 3485 ist.

409 3505 492 3553 ita
525 3506 684 3553 natos
718 3517 828 3552 esse
861 3516 981 3563 noc,
1029 3500 1183 3555 Tusc.
1203 3503 1263 3555 ΙΙΙ
1283 3507 1367 3569 24,

345 3572 409 3622 59
445 3582 508 3621 ea
543 3570 659 3636 lege
689 3569 1086 3635 (Bestimmung)
1125 3586 1234 3621 esee
1268 3587 1365 3623 nos

343 3641 525 3689 natos:
563 3639 627 3691 11
667 3642 748 3689 ita
784 3653 931 3689 eram
966 3638 1237 3690 deductus.

413 3710 477 3755 ut
522 3709 746 3772 quisque
787 3708 1040 3773 proxime
1073 3708 1364 3763 accederet.

347 3770 443 3823 Off.
462 3772 590 3838 116,
612 3778 702 3827 50.
759 3774 966 3840 Optime
1005 3777 1236 3825 societas
1276 3777 1367 3826 lw—

344 3844 552 3892 minum
599 3845 1011 3908 coniunctioque
1051 3845 1370 3909 eet-vehitur,

343 3913 410 3974 si,
433 3914 499 3960 ut
518 3912 741 3975 quisque
764 3914 869 3963 erit
884 3914 1368 3977 coniunctissimus,

1523 2078 1761 2141 potiores
1784 2073 1951 2126 haben
1979 2073 2075 2125 den
2104 2072 2309 2141 Vorzug
2331 2077 2485 2140 (vor),
2576 2092 2580 2096 ·

1459 2143 1602 2195 nicht
1637 2157 1679 2196 s,
1701 2158 1751 2194 v.
1772 2157 1818 2194 a.
1850 2142 2027 2208 pluris
2061 2145 2397 2196 aestimandi.

1526 2228 1607 2274 ea,
1620 2211 1703 2263 die
1712 2225 1816 2264 von
1828 2210 1918 2263 der
1930 2211 2090 2263 Natiu-
2099 2212 2261 2264 selbst
2282 2215 2377 2265 mit.
2386 2212 2483 2265 den

1461 2278 1805 2331 Verwandten
1820 2280 1951 2345 gesti
1958 2280 2083 2332 stete
2097 2279 2448 2333 Freundschal'
2448 2288 2485 2333 t.

1530 2350 1629 2399 hoe
1660 2352 1904 2412 praestat
1937 2370 2005 2391 -ι
2040 2350 2143 2398 hac
2174 2364 2261 2399 re:
2311 2347 2393 2399 Vll
2420 2352 2485 2401 23

1460 2417 1558 2466 illa
1594 2415 2019 2480 (commoditate).
2070 2415 2186 2481 Vgl.
2206 2415 2271 2467 de
2296 2415 2378 2469 Or.
2397 2416 2419 2467 1
2438 2420 2487 2481 8,

1427 2484 1433 2489 “
1462 2485 1551 2535 32:
1591 2484 1702 2533 Hoc
1736 2486 1876 2532 enim
1910 2498 2019 2533 uno
2048 2488 2383 2547 praestamus
2404 2487 2491 2535 vel

1458 2554 1697 2602 maxime
1728 2549 1883 2613 feris,
1920 2552 2064 2617 quod
2086 2558 2182 2606 etc.

1461 2614 2271 2741 v.⁶.⁹.⁰..ta‘:5.²‘t²3f²t“:²5}h;?.¹ff›‘
2280 2618 2349 2672 ¹¹¹
2400 2620 2488 2672 ‘¹²'

1528 2771 1639 2807 non
1654 2760 1832 2820 potest
1845 2752 1987 2807 ‘aber
2006 2754 2179 2841 nicht’,
2200 2757 2489 2840 wieumge-

1462 2822 1613 2875 kehrt
1636 2822 1871 2877 xxivao
1897 2827 2121 2891 capiunt
2141 2794 2305 2877 ‘wohl
2332 2818 2488 2879 aber’.

1532 2894 1611 2944 20.
1648 2897 1853 2957 quanta
1886 2894 1969 2943 vis
2000 2896 2277 2945 amicitiae
2296 2897 2371 2945 sit
2403 2894 2487 2945 die

1462 2960 1598 3012 liobe
1633 2958 1937 3027 Bedeutung
1974 2960 2066 3013 der
2100 2961 2486 3026 Freundschaft,

1462 3026 1633 3081 V1123
1670 3032 1929 3093 quantum
1964 3032 2093 3080 boni
2124 3032 2198 3079 sit
2219 3032 2280 3080 in
2304 3033 2488 3081 amiei-

1464 3100 1544 3147 tia
1580 3096 1670 3147 der
1694 3096 1829 3147 hohe
1854 3095 2013 3149 Wert.
2060 3096 2229 3149 Lalius
2254 3097 2488 3149 schlieret

1469 3163 1561 3215 anf
1581 3164 1665 3215 die
1680 3162 2039 3216 Trefflichkeit
2062 3179 2155 3216 aua
2179 3164 2268 3217 der
2288 3164 2487 3217 Selten·

1471 3231 1601 3283 heit:
1638 3229 1752 3283 xxi
1773 3235 1855 3283 79.

1536 3298 1779 3365 intellegi
1821 3302 2059 3351 maoeime
2095 3305 2271 3366 potest
2305 3300 2487 3354 beruht

1470 3366 1561 3419 auf
1606 3366 1905 3420 demselben
1942 3368 2159 3422 Gesetze
2193 3369 2283 3421 der
2318 3368 2487 3422 Wort-

1471 3434 1712 3501 stellung,
1752 3436 1853 3488 wie
1888 3436 2140 3522 intellegi
2165 3454 2273 3489 non
2296 3443 2485 3503 potest.

1469 3508 1656 3623 Ῑχὴῧκα
1698 3497 1901 3556 natura
1943 3498 2140 3558 ‘’schon
2180 3504 2264 3558 die
2298 3505 2485 3557 Natur:

1536 3656 1623 3689 res
1651 3638 1741 3690 der
1763 3634 1969 3692 ‘’zKreis
2006 3640 2112 3706 vgl.
2140 3639 2224 3691 die
2246 3641 2396 3691 Anm.
2422 3656 2485 3694 zu

1466 3708 1561 3758 sed
1595 3706 1629 3774 ξ
1652 3708 1731 3759 18.

1536 3779 1601 3826 ut
1634 3777 1807 3825 omnis
1836 3777 2042 3826 caritas
2062 3802 2130 3813 --
2133 3778 2485 3860 ‘iunget-etur.

1472 3841 1607 3895 Wir.
1672 3842 1783 3895 dass
1833 3842 1943 3894 sich
1997 3842 2089 3895 das
2133 3834 2338 3895 ‘Band'
2396 3845 2487 3897 der

1470 3909 1930 3977 Wertechatzung
1916 3925 2095 3964 immet
2112 3926 2207 3963 nur
2224 3912 2483 3966 zwischen
