2850 4450
1149 225 1288 285 'xm
1308 233 1551 286 45-48.
1716 259 1731 269 «
1998 283 2012 294 ,
2350 221 2431 291 49

293 409 483 490 magis
527 406 915 470 amicitiarum
943 402 1232 485 praesidia
1262 411 1551 483 quaerant
1581 421 1757 482 quam
1786 403 1895 466 viri
1926 412 1987 466 et
2014 403 2225 486 inopes
2255 415 2434 486 quam

296 493 564 577 opulenti
609 500 670 554 et
711 489 1035 553 calamitosi
1066 506 1258 569 -quam
1299 487 1372 563 ii,
1419 487 1522 567 qui
1568 496 1857 568 putentur
1898 487 2075 551 beati.
2167 491 2216 552 Ο
2260 491 2434 571 prae·
2476 503 2537 556 47

296 582 512 643 claram
557 575 938 657 sapientiam!
999 573 1197 636 Solem
1245 573 1406 634 enim
1439 590 1472 633 e
1501 573 1725 635 mundo
1756 573 1965 636 tollere
1992 573 2287 648 videntur,
2334 577 2435 657 qui

297 663 612 728 amicitiam
659 680 692 723 e
734 661 849 722 vita
891 659 1144 733 tollunt,
1188 675 1305 738 qua
1351 657 1499 718 nihil
1542 675 1575 718 a
1620 657 1709 720 dis
1752 657 2182 721 immortalibus
2224 661 2436 725 melius

296 749 608 822 habemuS‚
655 746 802 808 nibil
829 744 1167 807 iucundius.
1228 741 1391 814 Quae
1436 751 1526 804 est
1570 743 1727 804 enim
1759 741 1867 805 ista
1897 742 2227 806 securitas?
2286 747 2436 826 Spe-

297 837 390 898 cie
436 831 675 913 quidem
721 830 953 904 blanda,
1013 827 1119 891 sed
1161 844 1369 908 reapse
1397 827 1615 890 -multis
1658 827 1804 890 locis
1846 827 2229 908 repudianda.
2317 830 2436 892 Ne-

299 937 418 1000 que
463 917 622 980 enim
671 925 760 978 est
804 923 1275 978 consentaneum
1319 911 1497 974 ullam
1544 912 1852 976 honestam
1898 931 2025 975 rem
2054 914 2438 990 actionemve,

304 1022 382 1066 ne
425 1001 711 1065 sollicitus
753 1001 852 1074 sis,
899 1007 1002 1062 aut
1044 1017 1169 1059 non
1225 997 1529 1079 suscipere
1584 1007 1687 1059 aut
1735 1007 2067 1079 susceptam
2120 1000 2438 1081 deponere.

219 1125 224 1130 ·
299 1088 469 1161 Quod
515 1089 565 1152 si
609 1105 812 1149 curam
850 1085 1131 1164 fugimus,
1174 1083 1358 1145 virtus
1387 1083 1665 1164 fugienda
1697 1091 1821 1145 est.»
1882 1082 2047 1154 Quae
2078 1097 2323 1148 necesse
2353 1093 2444 1148 est

301 1190 435 1236 cum
477 1173 669 1253 aliqua
704 1189 848 1235 cura
876 1188 974 1232 res
1001 1169 1114 1231 sibi
1144 1167 1473 1231 contrarias
1500 1176 1856 1248 aspernetur
1897 1177 2077 1249 atque
2120 1169 2331 1245 oderit,
2376 1180 2443 1232 ut

299 1258 534 1321 bonitas
579 1257 894 1329 malitiam,
943 1253 1335 1334 temperantia
1384 1252 1690 1315 libidinem
1711 1298 1727 1328 ‚
1787 1254 2077 1334 ignaviam
2134 1255 2439 1318 fortitudo.

304 1332 506 1423 ltaque
548 1342 746 1403 videas
790 1339 971 1401 rebus
1015 1339 1248 1400 iniustis
1290 1339 1479 1400 iustos
1520 1338 1771 1399 maxime
1816 1338 2050 1413 dolere,
2107 1338 2443 1402 imbellibus

299 1430 505 1500 forme,
544 1424 846 1504 flagitiosis
876 1424 1192 1484 modestos.
1265 1421 1425 1500 Ergo
1472 1423 1587 1483 hoc
1614 1423 1927 1502 proprium
1957 1432 2049 1484 est
2076 1425 2256 1485 animi
2287 1424 2442 1487 bene

303 1510 640 1583 constituti,
688 1518 749 1568 et
791 1507 994 1568 laetari
1039 1505 1213 1567 bonis
1257 1505 1438 1568 rebus
1470 1515 1542 1567 ‘et
1584 1505 1785 1567 dolere
1828 1507 2159 1569 contrariis.
2252 1508 2443 1581 Quam
2486 1519 2549 1572 48

303 1594 381 1656 ob
424 1611 573 1667 rem,
617 1592 667 1655 si
711 1591 866 1653 cadit
909 1591 970 1652 in
1017 1591 1344 1671 sapientem
1389 1590 1571 1652 animi
1600 1590 1788 1666 dolor,
1834 1591 1936 1672 qui
1967 1592 2238 1672 profecto
2267 1594 2442 1670 cadit,

306 1678 420 1743 nisi
464 1696 537 1739 ex
579 1677 708 1741 eius
751 1675 952 1738 animo
995 1675 1374 1755 exstirpatam
1419 1676 1842 1739 humanitatem
1873 1675 2246 1752 arbitramur,
2294 1698 2444 1759 quae

302 1843 652 1965 agtbllanther
699 1845 746 1896 2.
782 1842 1007 1898 Timoth.
1052 1841 1114 1896 111
1160 1845 1192 1896 6
1241 1842 1326 1896 die

370 1927 418 1964 ei
475 1927 574 1966 ein.

371 1984 418 2032 ii
452 1983 548 2050 qui
568 1984 837 2048 putentur
871 1981 1016 2031 beati
1045 2004 1112 2026 a
1144 1977 1326 2040 fortu-

301 2052 434 2102 nati.

370 2120 434 2171 47
441 2117 504 2172 .0
518 2113 1322 2184 praeclaramironischerspott.

369 2184 544 2238 Solem
577 2187 720 2236 enim
749 2182 994 2238 Ffirwahr
1023 2182 1107 2237 die
1132 2181 1322 2238 Sonne.

302 2253 440 2305 Aber
457 2251 1040 2320 eigentlichbegrtindet
1056 2255 1195 2303 enim
1213 2252 1322 2317 das,

305 2336 414 2372 was
437 2319 519 2372 die
549 2320 880 2373 nnmittelbar
902 2319 1322 2386 vorhergehende

303 2390 490 2439 irrisio
527 2386 762 2440 wirklich
796 2388 972 2440 meint.

373 2458 624 2507 habemus
655 2454 826 2521 klingt
864 2456 933 2505 im
970 2453 1322 2506 Lateinischen

307 2522 561 2577 durchaus
585 2521 728 2576 nicht
749 2536 808 2575 so
841 2523 1061 2590 hequem
1096 2520 1200 2573 und
1224 2520 1326 2573 las·

307 2592 418 2658 sig,
453 2591 555 2643 wie
589 2590 681 2643 das
723 2589 969 2643 deutsche
994 2582 1186 2643 ‘etwas
1221 2603 1324 2641 von

300 2662 426 2725 Jem.
450 2650 663 2711 haben&
717 2656 858 2711 om!
883 2660 965 2723 21,
987 2660 1078 2711 722
1115 2659 1210 2724 qui
1232 2658 1326 2709 lta·-

307 2730 430 2779 bent
470 2743 505 2778 a
551 2732 751 2794 natura
794 2726 1104 2778 adiumenta
1143 2740 1327 2777 rerum

305 2795 683 2861 gerendarum.
754 2794 815 2847 N.
860 2794 918 2847 D.
953 2793 1132 2857 11136,
1156 2796 1246 2847 87:
1279 2795 1330 2844 si

308 2864 370 2914 id
400 2863 599 2915 donum
633 2878 666 2913 a
701 2862 816 2929 deo,
847 2878 959 2915 non
993 2879 1026 2914 a
1060 2864 1214 2914 nobie
1236 2862 1330 2913 lm*

309 2933 561 2982 heremus.
641 2928 770 2997 Nep.
823 2930 954 2984 Dion
999 2930 1020 2983 l
1056 2933 1115 2984 2:
1159 2930 1329 2981 multa

311 2999 422 3049 alia
457 3000 524 3048 ab
557 3002 759 3050 natura
793 3000 982 3066 habuit
1015 3001 1170 3052 bona.
1217 2998 1326 3050 Att.

310 3064 397 3117 vn
421 3066 482 3117 2:
523 3064 746 3116 Nullum
782 3069 847 3118 ab
868 3083 945 3118 ‚eo
981 3069 1209 3119 habebat
1243 3082 1329 3118 or-

309 3138 638 3185 numentum.

378 3200 566 3267 Specie
633 3201 845 3266 quidem
903 3207 1177 3255 antwortet
1243 3204 1334 3257 anf

313 3269 461 3333 Quae
516 3267 652 3331 (Von
706 3268 927 3321 welcher
977 3270 1102 3337 Art).
1181 3258 1332 3324 ‹fJber

311 3337 412 3389 den
445 3335 783 3403 Gleichkla‘ng
819 3338 1016 3389 blanda
1032 3366 1100 3377 ——
1116 3340 1332 3405 repudi·

313 3406 457 3457 anda
491 3420 555 3457 zu
590 3403 677 3457 ΧΠ
699 3406 784 3459 43.

381 3473 565 3524 multis
617 3472 746 3525 locis
795 3473 863 3523 in.
889 3472 1069 3526 .vielen
1121 3472 1334 3527 Bezieh·

314 3555 510 3607 ungen,
561 3540 743 3592 multis
791 3544 854 3592 in
902 3543 1060 3593 rebus
1101 3544 1134 3607 ξ
1166 3544 1232 3595 48
1279 3542 1332 3593 in

317 3608 487 3661 vielen
525 3608 926 3662 Verbaltnissen.

367 3682 790 3729 consentaneum
833 3676 1334 3743 fibereinstimmend,

316 3743 616 3809 solgeoecht,
653 3745 760 3799 bes.
786 3746 879 3798 mit
897 3744 1058 3799 Natnr
1080 3745 1184 3798 und
1207 3744 1334 3797 Ver·

315 3810 465 3865 nunft
508 3812 1020 3875 fibereinstimmend3
1073 3812 1332 3867 verneint:

316 3879 656 3931 unnatiirlich.

423 3980 618 4025 Laelius.
675 3982 740 4026 10.
760 3982 879 4026 Aua.

1498 1847 1595 1894 aut
1624 1859 1663 1896 n
1678 1859 1758 1896 on
1799 1847 2067 1910 suscipere
2112 1851 2210 1898 aut
2239 1861 2447 1914 suseep-

1427 1915 1540 1963 tam
1574 1911 1905 1978 deponere
1936 1912 2112 1978 (fallen
2134 1928 2203 1966 zu
2224 1914 2444 1978 lassen):

1430 1979 1531 2031 wie
1567 1980 1681 2032 eine
1716 1979 1851 2032 Last.

1494 2046 1653 2112 Quod
1682 2051 1733 2100 st·
1762 2047 1827 2101 Ja
1866 2063 2043 2102 wennz
2083 2048 2272 2113 vll-23.

1424 2119 1580 2239 8{res
1612 2119 1719 2168 sibi
1751 2121 2059 2170 contrarias
2099 2117 2211 2170 ihre
2246 2115 2449 2184 negen-

1486 2190 1581 2238 tze.

1494 2254 1683 2318 ltaque
1768 2252 1902 2305 beim
1984 2258 2135 2306 nnter
2170 2252 2449 2319 eordneten

1426 2319 1745 2374 Schlnfssatz
1780 2320 1903 2385 (wie
1926 2320 1961 2387 ξ
1984 2323 2099 2387 46):
2171 2335 2229 2373 as
2254 2322 2302 2373 ei
2340 2327 2449 2375 ent·

1427 2387 1564 2439 liche
1598 2385 1834 2453 Resultat
1867 2387 1997 2440 wird
2032 2391 2136 2440 erst
2169 2388 2265 2441 mit
2346 2404 2449 2455 rgo

1429 2469 1677 2521 gezogen.

1495 2523 1803 2587 flagitiosus
1845 2522 2127 2589 schamlos‚
2180 2524 2451 2578 modestus
2550 2549 2553 2551 ’

1427 2590 1645 2643 sittsam.

1532 2660 1778 2725 roprium
1822 2657 1915 2711 das
1970 2658 2449 2715 charakteristische

1421 2719 1440 2743 ‘
1502 2717 1738 2780 erkmal’.

1498 2798 1627 2847 bene
1674 2798 1976 2861 constituti,
2028 2794 2250 2849 m‘imlich
2286 2813 2321 2848 a
2354 2813 2450 2849 na-

1431 2868 1585 2915 tura:
1635 2862 1736 2915 wie
1784 2863 1926 2928 nicht
1974 2879 2067 2916 nur
2100 2878 2193 2916 aus
2228 2864 2320 2918 der
2353 2864 2451 2918 Be·

1431 2930 1663 2998 deutung
1680 2930 1771 2983 des
1782 2930 1954 2996 Verbi,
1982 2931 2202 2985 sondern
2222 2938 2451 2986 nannent-

1431 2998 1535 3052 lich
1569 2998 1702 3051 auch
1736 2997 1919 3051 daraus
1963 2998 2175 3063 ethellt,
2222 3000 2336 3053 dats
2380 3002 2452 3061 im

1432 3066 1709 3134 folgenden
1760 3066 1891 3119 eben
1944 3065 2149 3130 darauf,
2202 3067 2317 3121 dats
2368 3068 2452 3121 die

1430 3132 1721 3199 natm-liobe
1745 3132 2039 3191 Humanitat
2072 3134 2184 3199 (das
2218 3136 2453 3189 mensch·

1431 3202 1567 3254 liche
1611 3201 1817 3266 Gefiihl)
1862 3200 2020 3255 durch
2063 3201 2217 3255 keine
2256 3202 2453 3257 Lehren

1433 3270 1523 3336 der
1569 3268 1829 3329 Weisheit
1871 3277 2193 3335 ausgetottet
2243 3272 2449 3325 werden

1433 3338 1623 3402 bonne,
1640 3330 1831 3405 Bezng
1864 3353 2166 3404 genommen
2201 3339 2306 3392 und
2332 3342 2455 3393 wei-

1435 3406 1701 3474 tergebaut
1718 3406 1866 3459 vird,
1915 3406 2029 3459 Von
2055 3407 2247 3461 diesem
2264 3400 2455 3461 ‘wohl-

1434 3472 1835 3541 eingericbteten
1850 3467 1866 3489 '
1902 3473 2095 3527 nerzen
2128 3474 2291 3542 (om-1
2315 3479 2367 3541 4,
2392 3478 2453 3529 13

1435 3545 1647 3594 animus
1670 3545 1797 3594 bene
1820 3539 2153 3605 informatus
2180 3562 2211 3595 a
2236 3547 2457 3610 natura)

1434 3609 1768 3663 verschieden
1805 3611 1873 3663 ist
1908 3613 2037 3662 bene
2066 3616 2456 3679 praeparatum

1429 3682 1619 3745 peetus
1652 3676 1772 3732 Hor.
1804 3679 1859 3731 G.
1888 3677 1935 3730 >11
1964 3680 2043 3745 10,
2072 3681 2150 3734 14.

1443 3754 1449 3759 '
1504 3747 1586 3801 48.
1618 3744 1867 3812 profecte
1892 3739 2135 3800 ζεἰοἸκὲιῐῗε
2171 3746 2190 3799 1
2216 3748 2265 3801 2.

1502 3816 1614 3866 nisi
1644 3844 1708 3853 —
1739 3817 2090 3879 exstirpatam
2126 3817 2459 3881 arbitramur

1312 3892 1328 3921 ’-
1435 3882 1506 3935 ist
1557 3892 1651 3935 nur
1697 3884 1779 3936 ein
1812 3879 2177 3937 modiflciertes
2223 3886 2333 3936 nisi
2366 3902 2455 3937 σω·

1957 3972 2057 4027 ,4
