2850 4450
271 693 335 744 62

380 253 460 314 58
1073 249 1341 307 LAEuus
1376 249 1460 306 DE
1496 250 1803 306 AMICITIA.

377 430 712 493 existimare
771 436 1007 509 oportet
1062 426 1535 490 benevolentiam
1592 426 1835 503 civ-ium3
1895 443 2068 506 quam
2114 426 2413 492 blanditiis
2456 440 2522 492 et

378 514 732 578 assentando
776 513 1058 594 colligere
1104 523 1278 592 turpe
1322 520 1450 587 est‚'
1475 512 1661 574 virtus
1677 556 1692 586 ‚
1750 529 1927 592 quam
1972 513 2240 592 sequitur
2282 515 2515 592 caritas,

378 600 620 662 minime
664 597 1028 679 repudianda
1072 606 1179 660 est.

547 685 664 748 Sed
686 717 770 730 —-
791 702 967 764 saepe
997 683 1157 746 enim
1187 681 1370 745 redeo
1398 679 1471 742 ad
1500 680 1862 762 Scipionem,
1890 681 2061 760 cuius
2089 684 2284 746 omnis
2314 701 2513 747 sermo

379 780 504 833 erat
546 770 619 831 de
665 769 916 831 amicitia
947 803 1029 815 -
1059 767 1439 849 querebatur,
1485 767 1659 846 quod*
1688 765 1966 828 omnib-us
2008 767 2070 828 in
2108 767 2289 832 rebus
2317 769 2511 832 homi-

377 876 486 918 nes
530 855 932 936 diligentiores
976 862 1206 918 essent:
1239 867 1463 933 *capras
1505 860 1565 912 et
1606 869 1745 914 oves
1780 859 1925 931 quot
1953 853 2205 933 quisque
2248 854 2511 929 haberet,

376 942 574 1003 dicere
603 959 797 1021 posse,
843 940 1064 1001 amicos
1095 949 1240 1019 quot
1268 937 1533 1012 haberet,
1580 955 1702 998 non
1734 954 1911 1016 posse
1936 937 2169 1014 dicere3
2216 948 2276 1001 et
2304 940 2366 1001 in
2400 941 2515 1004 illis

378 1026 616 1106 quidem
662 1025 934 1105 parandis
963 1025 1240 1087 adhibere
1269 1040 1491 1097 curam,
1538 1021 1599 1082 in
1644 1022 1846 1084 amicis
1876 1022 2163 1103 eligendis
2193 1025 2515 1104 neglegen-

380 1121 470 1174 tes
516 1128 646 1173 esse
692 1129 803 1171 nec
844 1109 1068 1172 habere
1110 1109 1279 1189 quasi
1307 1108 1477 1186 signa
1508 1107 1790 1186 quaedam
1822 1115 1882 1169 et
1910 1116 2099 1181 notas,
2146 1109 2363 1189 quibus
2392 1130 2515 1186 eos,

380 1197 482 1276 qui
527 1197 599 1257 ad
645 1195 926 1257 amicitias
958 1203 1158 1258 essent
1187 1193 1405 1266 idonei,
1452 1191 1799 1254 iudicarent.
1878 1192 2035 1255 Sunt
2063 1193 2242 1274 igitur
2271 1196 2425 1257 flrmi
2456 1205 2518 1258 et

375 1281 615 1344 stabiles
645 1290 706 1342 et
734 1288 1076 1342 constantes
1105 1277 1380 1358 eligendi,
1405 1278 1576 1340 cuius
1604 1277 1843 1356 generis
1872 1286 1963 1340 est
1992 1295 2205 1360 magna
2234 1281 2516 1360 penuria3

379 1376 438 1428 et
480 1367 740 1429 iudicare
785 1365 1023 1428 difficile
1054 1373 1144 1429 est
1171 1382 1315 1427 sane
1347 1363 1462 1425 nisi
1492 1371 1820 1443 expertum,
1866 1364 2289 1444 experiendum
2316 1374 2515 1427 autem

377 1460 468 1514 est
510 1452 571 1513 in
619 1453 744 1532 ipsa
789 1451 1073 1526 amicitia3
1117 1450 1197 1512 ita
1239 1448 1575 1530 praecurrit
1616 1447 1867 1510 amicitia
1897 1447 2198 1525 iudicium,
2242 1451 2514 1532 tollitque

377 1536 720 1618 experiendi
763 1543 1134 1616 potestatem.
1207 1533 1316 1597 Est
1357 1533 1538 1614 igitur
1581 1533 1893 1614 prudentis
1934 1534 2228 1597 sustinere
2272 1544 2339 1598 ut
2374 1538 2517 1598 c‘ur-

377 1641 509 1684 rum
530 1669 546 1697 ‚
593 1623 680 1684 sic
721 1622 1006 1702 impetum
1050 1619 1530 1695 benevolentiae,
1576 1637 1649 1681 ex
1694 1637 1813 1698 quo
1858 1627 2094 1681 utamur
2133 1622 2303 1699 quasi
2348 1621 2518 1700 equis

376 1707 636 1780 tentatie,
682 1707 768 1769 sic
813 1706 1064 1768 amicitia
1109 1724 1180 1766 ex
1223 1705 1418 1784 aliqua
1460 1713 1628 1785 parte
1671 1703 2015 1784 periclitatis
2057 1703 2326 1768 moribus
2370 1708 2515 1768 ami-

377 1809 602 1856 corum.
691 1791 940 1864 Quidam
983 1809 1162 1870 saepe
1207 1791 1268 1851 in
1312 1807 1488 1870 parva
1531 1790 1785 1870 pecunia
1842 1789 2288 1870 perspiciuntur
2332 1809 2511 1871 quam

445 1911 858 1962 benevolentiam
867 1911 1080 1962 civium.
1099 1907 1199 1962 Dee
1211 1906 1388 1961 Wohl-

379 1979 568 2032 vollen
622 1978 712 2030 der
761 1977 1045 2044 Mitbiirger
1093 1976 1389 2030 verscherzt

374 2062 521 2112 men,
575 2060 725 2099 wenn
782 2060 902 2097 man
957 2046 1012 2098 in
1061 2043 1152 2097 der
1206 2043 1388 2096 Unter·

376 2119 620 2182 stiitzung
643 2111 734 2166 der
757 2111 987 2166 Freunde
1011 2128 1075 2164 zu
1099 2112 1224 2165 weit
1246 2111 1386 2179 geht,

376 2181 599 2238 nimlich
656 2181 737 2234 bis
796 2195 888 2233 ιιιι·
939 2179 1254 2248 turpitud03
1316 2179 1385 2233 im

376 2250 661 2319 Gegensatz
703 2249 880 2303 hiel-zu
924 2249 994 2302 ist
1045 2248 1129 2303 die
1167 2246 1386 2313 Tngend

373 2320 460 2373 ein
477 2320 776 2385 geeignetes
793 2316 976 2381 mittet,
995 2332 1079 2370 um
1098 2315 1192 2370 das
1209 2314 1390 2372 Wohl-

376 2389 565 2441 wolleu
593 2386 682 2440 der
705 2385 986 2453 Mitbiirger
1010 2401 1073 2438 ιιι
1097 2384 1387 2452 gewinnen.

377 2457 567 2509 Virtus
600 2457 670 2508 ist
704 2453 816 2509 also
850 2454 941 2507 der
963 2454 1245 2521 turpitudo
1278 2458 1388 2507 ent-

377 2522 768 2591 gegengestellt.

443 2592 780 2657 assentando,
804 2588 1257 2657 Frequentativum
1281 2604 1383 2643 von

375 2662 684 2713 asuentiri:
730 2659 995 2724 immerja
1031 2671 1218 2724 eugen,
1253 2657 1383 2713 nach

375 2727 494 2781 dem
527 2726 716 2781 Munde
750 2726 922 2780 reden.

445 2799 619 2849 virtus
664 2793 1106 2861 gegensfitzliches
1148 2792 1386 2861 Asynde·

376 2868 485 2917 ton.
527 2862 774 2915 Weshalb
797 2862 920 2915 aber
935 2864 1110 2915 virtus
1126 2877 1286 2928 quam
1307 2878 1384 2913 se-

377 2934 566 3001 quitur
583 2933 784 2983 caritas
801 2934 900 2995 etc,
918 2930 1162 2983 wahl-end
1180 2929 1271 2982 der
1289 2928 1387 2983 Ge-

377 3003 590 3067 gensatz
639 3004 802 3052 etwas
837 2998 1052 3051 anderes
1088 3014 1153 3050 ιιι
1184 2998 1386 3051 verlan-

377 3083 477 3135 gen
497 3067 721 3121 seheint:
758 3072 893 3121 etwa
918 3070 1117 3119 virtuto
1133 3066 1385 3133 colligere

379 3138 658 3189 caritatem
666 3137 885 3188 minime
899 3140 1070 3202 turpe,
1085 3135 1208 3189 oder
1221 3138 1384 3188 etiam

379 3204 648 3257 laudabile
682 3208 794 3257 est?
850 3201 984 3257 Weil
1009 3204 1276 3257 einerseits
1299 3202 1384 3257 die

379 3270 592 3338 Tugend
625 3289 681 3324 se
713 3276 831 3339 ipsa
867 3276 1116 3325 contenta
1149 3272 1242 3334 iet,
1277 3270 1381 3326 und

377 3340 593 3395 niemals
615 3356 680 3393 zu
705 3340 871 3392 einem
894 3338 1062 3392 Mittel
1085 3338 1175 3392 der
1198 3338 1386 3394 Gunst-

377 3408 682 3475 erwerbung
707 3406 1152 3476 herabgewiirdigt
1176 3408 1386 3462 werden

378 3474 514 3539 darf;
557 3475 662 3529 und
709 3476 830 3528 weil
877 3474 1186 3542 andereeits,
1233 3491 1385 3529 wenn

378 3558 496 3598 man
519 3542 603 3596 die
621 3543 1086 3611 (unbeabsichtigte
1105 3542 1210 3599 und
1228 3559 1386 3612 unge-

379 3612 581 3677 suchte)
605 3610 1075 3679 Gunsterwerbung
1109 3610 1268 3667 durch
1304 3612 1388 3665 die

381 3678 598 3747 Tugend
632 3680 918 3733 verwersen
954 3680 1163 3749 wollte,
1209 3681 1263 3734 in
1297 3680 1388 3734 der

379 3746 515 3801 That
550 3747 631 3801 die
655 3746 870 3817 Tngend
904 3749 1066 3803 selbst
1097 3748 1388 3804 verworfen

381 3815 588 3869 werden
623 3819 827 3873 mutate.

447 3886 599 3949 sequi
633 3886 734 3938 wie
771 3884 893 3939 Sall.
930 3884 1037 3937 Cat.
1075 3883 1180 3937 le
1213 3887 1274 3937 52
1311 3886 1389 3936 ita

383 3969 487 4020 qvo
505 3955 685 4004 minus
710 3956 925 4019 petebat
933 3952 1171 4018 gloriam
1189 3953 1390 4017 (warh),

1456 2772 1461 2778 .
1486 2726 1591 2779 und
1626 2740 1670 2777 ε.
1694 2741 1745 2778 v.
1770 2741 1815 2789 ιι.

1489 1923 1551 1958 eo
1569 1910 1747 1972 magis
1769 1907 1927 1964 illum
1939 1911 2262 1975 sequebatur
2282 1907 2391 1974 (fiel
2411 1911 2511 1976 ιιι).

1559 1977 1643 2029 62.
1680 1978 1835 2036 euius
1872 1978 2043 2028 omnis
2064 1993 2237 2029 sermo
2274 1977 2322 2031 d·
2344 1977 2396 2032 h.
2423 1975 2527 2036 der.

1488 2042 1574 2095 bei
1636 2042 1787 2107 Jeder
1843 2042 2178 2110 Gelegenheit
2236 2046 2362 2099 uber
2419 2043 2503 2100 die

1486 2109 1860 2164 Freundsehast
1894 2111 2093 2178 spi-ach.
2154 2111 2273 2179 vgl.
2306 2116 2503 2180 saepie-

1488 2181 1621 2231 sime
1654 2177 1701 2246 Χ
1730 2180 1810 2260 33.
1844 2179 1949 2235 und
1984 2183 2045 2234 in
2082 2185 2229 2233 omni
2261 2197 2504 2235 sermone

1486 2247 1507 2302 1
1546 2252 1591 2301 1.
1660 2246 1880 2301 Ahnhch
1923 2247 2083 2303 Acad.
2126 2249 2146 2301 l
2180 2254 2230 2317 4,
2270 2253 2333 2305 16
2378 2265 2499 2304 vom

1493 2314 1761 2369 Socrates:
1813 2321 1987 2370 omnis
2020 2320 2134 2369 eius
2169 2322 2346 2371 oratio
2380 2319 2504 2385 (elle

1490 2385 1633 2437 scine
1645 2382 1913 2452 vorti-ige)
1931 2388 1991 2437 in
2008 2388 2207 2439 virtute
2227 2387 2501 2439 laudanda

1488 2455 1915 2507 consumebatur.

1553 2524 1714 2640 :ligna
1736 2520 2111 2585 Kennzeichen‚
2145 2527 2306 2578 notae
2328 2520 2500 2577 Merk-

1486 2604 1569 2643 ma
1592 2604 1638 2644 e.

1554 2662 1838 2725 expertum
1861 2658 1930 2710 ist
1954 2656 2043 2711 der
2060 2658 2182 2714 Acc.
2208 2658 2299 2711 des
2318 2656 2502 2724 Mask„

1850 2730 2103 2793 expertus
2135 2730 2229 2779 sis.

1556 2796 1641 2848 63.
1657 2797 1921 2847 sustinere
1938 2793 2221 2859 anshalten,
2240 2794 2500 2849 hemmen:

1486 2863 1610 2915 aber
1646 2862 1788 2915 nicht
1836 2878 2058 2917 currum
2108 2861 2213 2916 und
2247 2865 2503 2929 imponam

1488 2929 1602 2984 sind
1672 2928 1913 2984 einander
1977 2930 2505 2997 gegenfibergestellu

1486 2996 1707 3051 sondern
1744 3012 1966 3050 cumam
2000 2998 2105 3053 und
2132 3002 2386 3065 impetum
2421 3000 2505 3050 be-

1486 3066 1818 3119 nevolentiae
1832 3072 2155 3119 -rumtem
2174 3070 2331 3133 quasi
2350 3069 2501 3121 bene-

1483 3134 1788 3190 volentiam.
1841 3120 2094 3200 Ubrigens
2132 3134 2359 3202 gehoren
2395 3135 2504 3188 hier

1485 3200 1685 3270 Wagen
1729 3200 1834 3254 und
1866 3201 2077 3267 Pru-de,
2125 3204 2269 3257 nicht
2321 3202 2505 3257 Pserde

1483 3270 1590 3325 und
1632 3263 1800 3324 ‘Laus'
1849 3271 2002 3335 (nach
2037 3270 2127 3325 der
2160 3272 2339 3327 Leoart
2382 3287 2506 3325 eur·

1485 3341 1623 3405 sum)
1656 3352 1973 3423 zusammen.
2212 3408 2225 3421 .
2309 3408 2321 3421 ·

1486 3422 1831 3557 Δεεοεῖιξᾳξὲιι
1866 3422 1957 3529 dgr
1979 3406 2503 3557 ἓὲἑιειῃιῖἔξὴιῗῖἰοιισῖἓ

1489 3542 2506 3692 ξιξ,ιεει.ιειᾞιι.ξῖεειιῒιῖ;ὲ
2574 3604 2578 3608 -

1491 3684 1619 3733 tium
1678 3684 2073 3746 comparationis
2107 3708 2176 3719 -·
2235 3680 2503 3735 Gebrauch

1490 3747 1707 3803 macheu
1744 3746 1967 3801 konnen.
2114 3808 2131 3828 t

1492 3818 2509 3939 „nt”efflffizffssffmzzmtntssfssss

1494 3950 1653 4005 Dnbei
1689 3951 1776 4005 hat
1811 3965 1929 4003 man
1953 3951 2200 4005 zunfichst
2222 3966 2289 4005 an
2308 3952 2507 4007 Handel
