2850 4450
1103 271 1257 330 xxm
1281 277 1426 330 86—
1438 274 1599 328 xxiv
1623 277 1705 330 89.
2389 272 2469 334 73

336 448 527 512 audivi
555 449 631 512 ah
661 449 790 512 aliis
831 448 1076 512 senibus
1117 447 1412 512 auditum:
1457 448 1507 510 si
1553 447 1686 527 quis
1729 447 1793 508 in
1839 445 2063 510 caelum
2108 447 2474 510 ascendisset

338 545 725 615 naturamque
785 533 991 597 mundi
1055 542 1115 596 et
1172 531 1678 614 pulchritudinem
1736 532 1993 594 siderum
2055 533 2469 614 perspexisset,

334 621 640 682 insuavem
669 618 828 682 illam
850 619 1294 681 admirationem
1319 617 1372 679 ei
1396 619 1545 678 fore.
1598 616 1762 689 Quae
1794 617 2214 680 iucundissima
2246 617 2471 690 fuisset,

333 704 382 768 si
411 705 686 784 aliquem,
729 704 825 768 cui
855 715 1139 778 narraret,
1180 703 1499 766 habuisset.
1569 702 1667 764 Sic
1710 710 1919 764 natura
1962 702 2287 764 solitarium
2326 702 2473 764 nihil

334 799 491 852 amat
532 808 886 871 semperque
927 789 998 851 ad
1057 787 1296 869 aliquod
1349 797 1644 868 tamquam
1692 786 2112 850 adminiculum
2142 787 2471 863 adnititur3

336 875 494 954 quod
537 874 600 937 in
644 875 996 938 amicissimo
1041 892 1280 954 quoque
1325 871 1727 936 dulcissimum
1774 884 1881 936 est.

504 959 704 1021 XXIV.
765 961 878 1022 Sed
925 977 1059 1023 cum
1113 967 1203 1034 tot
1253 958 1439 1037 signis
1489 958 1691 1021 eadem
1746 965 1955 1020 natura
1999 955 2274 1030 declaret,
2331 957 2471 1036 quid

334 1047 491 1121 velit,
515 1046 809 1126 anquirat,
833 1045 1147 1118 desideret,
1171 1051 1369 1106 tamen
1403 1041 1881 1107 obsurdescimus
1914 1042 2114 1106 nescio
2144 1060 2265 1122 quo
2296 1043 2471 1104 modo

338 1149 449 1194 nec
499 1147 585 1206 ea,
639 1148 791 1211 quae
821 1130 896 1193 ah
940 1148 1007 1193 ea
1059 1146 1394 1202 monemur,
1446 1127 1733 1191 audimus.
1824 1126 1930 1191 Est
1972 1127 2133 1190 enim
2176 1127 2371 1190 varius
2415 1135 2475 1188 et

334 1216 638 1297 multiplex
669 1234 816 1278 usus
843 1215 1153 1289 amicitiae,
1196 1214 1535 1294 multaeque
1576 1231 1787 1276 causae
1830 1213 2237 1293 suspicionum
2282 1212 2473 1274 offen-

335 1302 689 1382 sionumque
719 1301 953 1363 dantur.
1027 1300 1185 1373 Quas
1226 1310 1355 1362 tum
1399 1299 1636 1373 evitare,
1680 1309 1809 1363 tum
1852 1299 2098 1374 elevare,
2145 1307 2270 1360 tum
2317 1298 2474 1359 ferre
2576 1327 2585 1336 .

333 1387 618 1467 sapientis
669 1394 778 1461 est,
830 1403 952 1448 una
1002 1384 1100 1447 illa
1153 1383 1512 1447 sublevanda
1564 1384 1815 1446 offensio
1868 1393 1976 1458 est,
2028 1391 2096 1445 ut
2146 1391 2205 1444 et
2258 1382 2475 1444 utilitas

333 1472 394 1533 in
449 1471 703 1533 amicitia
756 1479 818 1532 et
860 1470 1006 1532 fides
1047 1469 1404 1531 retineatur:
1462 1487 1598 1530 nam
1640 1477 1700 1530 et
1744 1467 2025 1530 monendi
2076 1467 2249 1530 amici
2298 1485 2476 1548 saepe

333 1564 476 1618 sunt
527 1565 586 1617 et
639 1553 1012 1635 obiurgandi,
1057 1563 1118 1617 et
1159 1554 1304 1616 haec
1354 1553 1697 1634 accipienda
1742 1553 1949 1628 amice,
2000 1571 2137 1615 cum
2190 1550 2475 1614 benevole

333 1641 504 1702 flunt.
587 1640 702 1702 Sed
749 1639 949 1702 nescio
980 1658 1100 1720 quo
1144 1639 1322 1701 modo
1364 1656 1570 1700 verum
1612 1647 1721 1712 est,
1765 1639 1924 1718 quod
1954 1637 2015 1700 in
2049 1637 2267 1700 Andria
2305 1637 2474 1698 fami-

335 1725 494 1788 liaris
536 1741 704 1786 meus
749 1725 914 1787 dicit:

509 1809 856 1892 Obsequium
899 1812 1131 1885 amieos,
1175 1807 1390 1872 vetitas
1432 1808 1629 1871 odiam
1667 1810 1847 1890 parit.

404 1960 556 2012 illam
573 1985 641 2006 —
664 1960 890 2013 illarum
921 1975 1132 2013 rerum:
1168 1959 1186 2012 l
1213 1962 1260 2012 3.
1455 1959 1659 2025 tigung,
1674 1973 1801 2010 nam
1819 1957 1963 2025 giebt
1985 1957 2069 2011 die
2084 1957 2368 2025 Erkliirung
2386 1957 2475 2011 des

404 2027 552 2092 Quae
568 2029 956 2086 iucundissima
971 2025 1166 2088 fuisset
1177 2025 1354 2082 Worte
1458 2026 1549 2078 auf
1575 2025 1666 2078 das
1690 2026 1932 2093 folgende
1950 2025 2337 2079 hinweisenden
2362 2026 2475 2090 illa,

1455 2094 1527 2147 ist
1543 2094 1701 2147 daher
1717 2095 1840 2160 (wie
1860 2093 2034 2161 haufig
2049 2098 2154 2165 γάρ
2176 2095 2305 2148 nach
2326 2090 2475 2160 τάδε)

1460 2161 1725 2215 entweder
1755 2160 1919 2216 durch
1950 2155 2208 2216 ‘nimlich'
2238 2161 2361 2216 oder
2384 2177 2476 2231 gar

1460 2231 1602 2284 nicht
1636 2247 1700 2284 zu
1732 2232 2056 2285 ubersetzen.
2108 2232 2171 2285 N.
2190 2232 2247 2285 D.
2273 2232 2383 2296 119,
2410 2234 2478 2284 24

1462 2299 1619 2364 Quod
1640 2300 1851 2365 quidem
1873 2299 2151 2351 Cleanthes
2173 2303 2335 2352 etiam
2350 2292 2477 2351 ‘his’

1463 2369 1795 2433 argumentis
1819 2368 1987 2433 docet,
2019 2373 2221 2434 quanta
2244 2371 2326 2419 vis
2348 2370 2482 2419 insit

1464 2434 1662 2486 caloris
1710 2436 1772 2486 in
1825 2438 1973 2487 omni
2018 2449 2263 2502 corpore:
2316 2442 2482 2501 negat

1459 2494 1637 2554 ‘enim‘
1675 2507 1775 2557 etc.
1827 2501 1927 2555 Der
1948 2502 2159 2556 Anstoss
2194 2503 2357 2557 selbst
2392 2505 2480 2556 he·

339 2095 430 2149 des
465 2095 654 2150 Lilius.
713 2096 971 2150 Gehorten
1007 2097 1084 2150 sie
1119 2096 1254 2149 noch
1289 2113 1354 2149 zu

337 2164 451 2216 dem
488 2163 816 2233 Ausspruche
852 2163 942 2218 des
977 2164 1262 2235 Archytas,
1295 2180 1356 2218 so

341 2231 516 2285 warde
549 2233 700 2285 illam
725 2236 1138 2287 admirationem
1175 2234 1358 2288 anders

338 2299 550 2366 gestellt
584 2302 725 2367 sein,
772 2301 880 2355 und
914 2302 995 2354 fur
1027 2301 1220 2363 fuisset
1255 2302 1360 2355 und

339 2368 626 2432 habuisset,
640 2383 748 2422 was
769 2369 913 2422 nicht
929 2384 995 2422 zu
1011 2368 1134 2430 fore
1147 2370 1360 2435 stimmt,

339 2434 528 2515 mutate
545 2435 649 2508 'ein
674 2436 890 2491 anderes
914 2434 1138 2505 Tempus
1161 2442 1361 2509 gesetzt

338 2518 465 2557 sein.

408 2570 681 2624 adnititur
693 2538 876 2639 dringt
885 2572 1067 2626 immer
1077 2571 1208 2625 nach
1219 2571 1361 2624 einer

341 2638 520 2693 Stutze
533 2639 640 2706 hin,
654 2640 754 2692 wie
764 2640 856 2693 der
870 2638 1196 2693 Weinstock:
1215 2642 1360 2703 vitis,

375 2724 480 2759 uae
513 2711 714 2760 natura
750 2710 958 2761 caduca
1005 2712 1084 2759 est
1126 2712 1208 2773 et,
1251 2709 1362 2759 nisi

365 2775 486 2828 ulta
521 2780 614 2842 est,
648 2776 724 2829 ad
750 2781 951 2829 terram
973 2775 1171 2838 fertur.
1228 2775 1354 2831 Cato

406 2910 584 2965 xxw.
618 2928 748 2965 usus
781 2912 871 2965 der
904 2911 1152 2967 Verkehr.
1176 2917 1180 2920 “

411 2980 612 3032 dantur
637 2980 811 3034 hieten
835 2981 948 3034 sich
972 2981 1078 3045 dar,
1114 2980 1355 3034 kommen

340 3062 460 3099 vor:
499 3064 632 3114 quas
651 3049 805 3102 welle
824 3064 941 3101 man
960 3049 1103 3105 nicht
1121 3049 1212 3103 auf
1231 3065 1357 3103 cau-

337 3131 428 3165 sae
462 3114 724 3171 beziehen.

409 3186 612 3236 evitare
644 3182 963 3250 vermeiden,
1008 3186 1214 3238 elevare
1245 3200 1359 3238 ver-

340 3249 598 3303 mindern:
637 3251 740 3318 vgl.
767 3252 1041 3319 depressus
1073 3259 1126 3305 et
1159 3254 1360 3305 demer-

340 3334 432 3371 sus
467 3318 874 3387 (niedergezwfin
913 3326 934 3387 t
967 3320 1071 3373 und
1096 3321 1358 3389 niederge-

343 3385 514 3453 senkt)
549 3386 676 3440 Cato
709 3386 778 3440 M.
805 3387 849 3439 X
897 3388 918 3441 1
946 3392 1028 3454 77,
1063 3390 1358 3455 digressum

339 3460 394 3507 et
414 3456 700 3507 discessum
722 3455 995 3521 (Scheiden
1014 3456 1119 3509 und
1136 3455 1361 3522 Meiden)

343 3523 467 3576 Cato
505 3522 573 3579 Μ.
596 3522 754 3576 xxm
777 3526 858 3578 84.

344 3604 520 3709 ιωιιιπα
543 3593 640 3644 illa
666 3592 1106 3661 gegensiitzliches
1127 3592 1362 3661 Asynde·

413 3727 736 3780 sublevanda
764 3726 853 3780 der
871 3727 986 3780 eine
1002 3726 1216 3780 Anstots
1240 3728 1363 3781 aber

345 3796 475 3845 muts
499 3793 713 3848 leichter
735 3795 991 3863 gemacht,
1015 3795 1149 3863 mass
1173 3810 1233 3848 so
1258 3795 1361 3848 viel

346 3860 423 3914 als
457 3861 682 3927 moglich
723 3863 966 3931 heseitisst
1000 3863 1223 3917 werden.
1299 3864 1364 3919 Ut

345 3929 648 3983 bezeichnet
692 3929 788 3983 den
823 3931 1012 3985 Zweck
1059 3931 1149 3985 der
1187 3930 1362 3985 Besei-

1464 2569 1604 2623 steht
1620 2568 1789 2623 datin:
1808 2586 1912 2624 von
1934 2568 2023 2624 der
2038 2571 2187 2623 einen
2200 2570 2355 2637 Seite,
2368 2570 2478 2624 dass

1465 2638 1549 2691 die
1568 2636 1835 2691 Wahrheit
1858 2639 2001 2692 nicht
2023 2654 2143 2707 gesa
2185 2643 2222 2705 t,
2256 2655 2356 2692 von
2390 2639 2480 2692 der

1466 2705 1672 2771 andern,
1703 2706 1815 2759 dass
1838 2708 1915 2760 sie
1942 2707 2065 2760 fibel
2089 2722 2151 2760 au
2174 2722 2480 2775 genommen

1463 2774 1617 2835 wird;
1654 2779 1783 2827 statt
1817 2774 1993 2830 diesen
2030 2790 2093 2829 zu
2131 2790 2327 2830 nennen
2341 2815 2356 2842 ,
2390 2777 2480 2829 hat

1460 2842 1638 2895 Cicero
1658 2842 1828 2909 gleich
1847 2843 1930 2897 die
1948 2858 2043 2897 ans
2054 2843 2145 2897 der
2153 2845 2478 2897 sublevanda

1460 2912 1685 3032 offenflio
1712 2912 1822 2964 sich
1845 2910 2134 2980 ergehende
2158 2911 2345 2966 Pflicht
2368 2913 2480 2966 hin—

1457 2984 1603 3047 geste
1645 2983 1681 3032 t.

1519 3053 1571 3100 et
1586 3050 1841 3101 monendi
1858 3054 1909 3100 et
1928 3050 2271 3114 obiurgandi,
2285 3054 2336 3101 et
2347 3046 2493 3101 haec‘

1461 3114 2030 3199 (dieseErinnernngen
2060 3115 2164 3197 und
2188 3117 2478 3182 Vorwnrre)

1462 3182 2195 3316 3331’55352‘350222333‘
2218 3185 2322 3306 355
2345 3190 2481 3306 ἓξὲξ

1462 3317 1565 3371 und
1601 3318 1757 3373 dritte
1790 3318 2264 3388 korrespondieren.

1530 3388 1615 3441 89.
1662 3391 1841 3440 neseio
1884 3404 1988 3456 quo
2032 3390 2187 3441 modo
2211 3413 2279 3434 —
2304 3393 2478 3441 neseio

1461 3470 1566 3573 ἕιιο
1594 3461 1760 3522 pacto
1796 3456 1817 3508 Ι
1852 3460 1903 3522 4,
1938 3456 2048 3509 hier
2083 3457 2185 3510 und
2220 3473 2337 3511 zum
2369 3457 2478 3545 ‘Anf

1464 3523 1894 3646 dagffevgegglat:
1918 3524 2032 3577 dem
2058 3524 2338 3580 deutschen
2388 3525 2479 3577 lel-

1532 3660 1746 3743 Agtdria
1787 3654 1901 3713 ‘das
1945 3659 2192 3714 Miidchen
2239 3675 2344 3714 von
2378 3661 2483 3715 An-

1464 3727 1830 3849 dros-uitiatis
1864 3811 2011 3848 meus
2055 3796 2145 3849 der
2189 3795 2346 3848 durch
2380 3795 2481 3848 den

1463 3862 1658 3917 Numen
1696 3864 1787 3917 des
1813 3863 2031 3918 Stuckes
2053 3863 2368 3934 hinliinglich
2391 3864 2482 3916 be-

1464 3932 1728 3986 zeichnete
1765 3931 1822 3985 P.
1860 3931 2129 3986 Terentius
2164 3932 2312 3999 Afer,
2363 3932 2478 3999 geh.

2516 1644 2577 1698 89
