2850 4450
1277 267 1346 322 lv
1374 270 1439 324 13
1456 295 1525 308 --
1546 271 1625 324 15.
2392 267 2472 328 25

329 452 463 504 ante
523 452 774 506 mortem
835 441 1071 517 diehuS,
1134 460 1270 503 cum
1329 451 1390 503 et
1440 440 1645 503 Philus
1700 451 1760 502 et
1804 441 2075 504 Manilius
2130 442 2360 504 adesset
2416 453 2475 506 et

327 527 425 589 alii
468 528 700 607 plures,
744 538 928 607 tuque
971 528 1178 603 etiam,
1224 527 1534 600 Scaevola,
1591 543 1827 588 mecum
1875 526 2165 601 venisses,
2210 526 2474 590 triduum

329 612 607 674 disseruit
650 613 723 674 de
765 631 832 674 re
862 613 1128 694 publica;
1172 611 1343 674 cuius
1372 611 1792 692 disputationis
1832 610 1945 672 fuit
1988 623 2315 674 extremum
2346 614 2473 675 sere

327 697 400 759 de
444 698 881 760 immortalitate
924 699 1289 771 animorum,
1345 715 1501 777 quae
1544 715 1611 759 se
1653 696 1715 758 in
1762 697 1961 775 quiete
2011 715 2121 777 per
2163 697 2352 760 visum
2398 718 2471 760 ex

326 783 608 846 Africano
665 783 896 846 audisse
949 782 1201 846 dicebat.
1289 782 1354 844 ld
1396 782 1449 845 si
1491 782 1573 844 ita
1617 792 1737 853 est,
1793 791 1860 842 ut
1916 783 2127 862 optimi
2182 783 2472 863 cuiusque

329 868 564 930 animus
605 868 667 930 in
711 879 903 931 morte
931 868 1206 932 facillime
1237 867 1429 930 evolet
1455 876 1753 946 tamquam
1784 886 1818 929 e
1850 867 2115 929 custodia
2143 868 2473 949 vinclisque

329 953 618 1033 corporis,
663 954 759 1016 cui
801 973 1118 1017 censemus
1161 971 1405 1016 cursum
1450 953 1521 1014 ad
1553 952 1697 1014 deos
1725 952 2049 1016 faciliorem
2080 953 2263 1016 fuisse
2296 972 2471 1033 quam

330 1037 640 1118 Scipioni?
685 1039 979 1112 Quocirca
1023 1056 1290 1101 maerere
1333 1038 1451 1099 hoc
1495 1038 1624 1100 eius
1668 1046 1901 1123 eventu.
1926 1056 2137 1100 vereor
2181 1056 2260 1100 ne
2288 1038 2472 1101 invidi

330 1124 518 1204 magis
562 1142 736 1204 quam
781 1125 952 1186 amici
997 1125 1090 1188 sit.
1153 1124 1257 1187 Sin
1303 1132 1499 1186 autem
1543 1123 1640 1184 illa
1680 1122 1931 1198 veriora,
1975 1135 2042 1186 ut
2086 1123 2241 1185 idem
2284 1125 2471 1186 inter-

331 1209 445 1271 itus
487 1209 566 1272 sit
605 1212 942 1272 animorum
988 1220 1048 1273 et
1089 1227 1410 1290 corporum
1459 1227 1571 1271 nec
1615 1208 1769 1270 ullus
1818 1229 2032 1272 sensus
2086 1220 2351 1285 maneat,
2408 1221 2476 1272 ut

332 1294 478 1356 nihil
521 1294 667 1356 honi
711 1303 804 1356 est
860 1297 919 1357 in
981 1305 1204 1369 morte,
1261 1296 1347 1358 sic
1405 1303 1566 1356 certe
1627 1294 1775 1355 nihil
1833 1295 1989 1356 mali.
2076 1296 2267 1357 Sensu
2313 1296 2473 1358 enim

328 1379 543 1441 amisso
588 1382 656 1441 fit
698 1380 884 1453 idem,
932 1382 1098 1460 quasi
1143 1390 1319 1442 natus
1363 1399 1485 1441 non
1532 1387 1705 1440 esset·
1729 1381 2007 1454 omnino,
2054 1399 2230 1460 quem
2274 1391 2471 1442 tamen

329 1483 460 1526 esse
507 1473 712 1527 natum
755 1474 814 1525 et
858 1482 971 1527 nos
1014 1466 1338 1544 gaudemus
1385 1475 1445 1526 et
1486 1465 1633 1526 haec
1668 1464 1889 1539 civitaS,
1932 1465 2075 1527 dum
2118 1466 2250 1540 erit,
2294 1466 2474 1528 laeta-
2560 1481 2571 1490 “

326 1549 506 1610 bitur.
597 1548 786 1619 Quam
832 1548 910 1609 oh
956 1568 1084 1611 rem
1124 1568 1260 1611 cum
1305 1549 1405 1610 illo
1453 1548 1712 1628 quidem,
1759 1557 1825 1610 ut
1864 1567 2047 1630 supra
2090 1550 2227 1624 dixi,
2273 1561 2471 1613 actum
2517 1561 2581 1614 15

330 1633 554 1712 optime
583 1640 692 1706 est,
720 1651 954 1695 mecum
989 1634 1441 1706 incommodius,
1471 1652 1651 1712 quem
1682 1634 1876 1696 ruerat
1904 1635 2169 1715 aequius,
2206 1644 2274 1697 ut
2300 1636 2469 1717 prius

329 1815 574 1869 mentlich
616 1816 667 1870 in
700 1818 980 1885 siquidm,
1013 1819 1347 1886 quandoqui-

330 1885 446 1936 dem
490 1884 595 1937 und
641 1901 762 1937 cum
805 1887 1020 1952 quidem
1075 1888 1346 1941 eracheint.

398 1954 556 2019 quasi
596 1969 760 2020 praes
835 1956 943 2006 iret
984 1955 1217 2020 absolut,
1269 1956 1346 2010 als

328 2021 468 2074 hatte
513 2036 568 2074 er
610 2021 725 2075 eine
817 2023 1082 2090 orahnung
1127 2025 1345 2091 gehabt:

332 2090 433 2156 vgl.
471 2086 700 2153 difficile
734 2091 883 2144 dictu
917 2091 977 2144 111
1018 2094 1096 2145 12.

397 2163 447 2209 ol
468 2158 652 2210 Philus
675 2165 728 2210 et
749 2159 1022 2212 Manilius.
1092 2160 1232 2213 Zwei
1255 2161 1346 2214 der

325 2225 683 2280 Anwesenden
705 2228 910 2282 werden
927 2230 1238 2284 namentlich
1261 2246 1349 2297 ge-

328 2299 504 2360 nannt,
538 2294 641 2347 und
678 2294 837 2348 durch
873 2302 1006 2348 σε-
1027 2303 1080 2348 et
1115 2298 1196 2350 die
1220 2298 1346 2351 Anf-

327 2361 694 2416 merksamkeit
731 2364 823 2416 auf
856 2366 1018 2430 jeden
1066 2367 1346 2419 besonders

329 2430 563 2497 gelenkt:
599 2430 692 2484 das
727 2431 878 2485 dritte
914 2438 968 2484 et
986 2448 1080 2486 vor
1104 2434 1207 2485 alii
1228 2435 1347 2501 plu·

330 2515 418 2549 roe
441 2499 646 2562 (andere
682 2499 860 2565 mehr),
895 2500 1034 2554 steht
1055 2501 1348 2554 ausserhalb

329 2566 418 2619 der
455 2565 640 2620 Korres
677 2568 877 2621 ousion.
947 2568 1000 2621 1..
1025 2568 1204 2622 Furius
1230 2567 1348 2621 Phi-

328 2634 428 2699 lus,
464 2633 626 2687 Freun
698 2634 788 2688 des
823 2636 991 2690 Lalius
1025 2636 1131 2690 und
1156 2636 1348 2703 Scipio,

331 2702 525 2757 Konsul
565 2704 690 2765 1363
723 2701 806 2756 Μ’.
840 2703 1082 2759 Manilius
1117 2706 1192 2757 als
1217 2704 1350 2757 Red-

331 2786 420 2824 ner
438 2769 540 2823 und
559 2770 720 2824 Jurist
737 2773 990 2839 geriihmt,
1008 2774 1203 2828 Konsul
1235 2776 1347 2829 149.

397 2841 462 2892 do
495 2856 554 2890 ra
579 2841 818 2906 publica.
887 2842 1065 2895 Dieses
1089 2841 1346 2909 Gesprich

331 2908 418 2960 hat
453 2907 630 2961 Cicero
672 2907 724 2961 in
770 2909 965 2963 seinem
1004 2910 1190 2963 Werke
1225 2926 1348 2963 vom

333 2974 508 3028 Staate
557 2977 883 3044 ausgefuhrt,
933 2994 1036 3031 von
1090 2978 1206 3031 dem
1255 2994 1350 3031 nur

333 3043 464 3095 noch
499 3042 852 3099 Bruchstiicke
885 3047 1182 3101 vorhanden
1217 3046 1352 3100 sind.

332 3110 432 3163 Der
455 3109 642 3164 Traum
662 3112 754 3165 des
777 3113 952 3181 Scipio
977 3116 1115 3181 aber,
1148 3116 1202 3167 in
1228 3114 1353 3168 wel·

334 3179 481 3231 chem
516 3178 684 3232 dieser
727 3196 829 3233 von
878 3184 1070 3236 seinem
1107 3183 1356 3251 Adoptiv-

333 3250 650 3315 grotsvater,
686 3248 801 3301 dem
838 3250 1032 3303 alten-en
1068 3250 1354 3317 Africanus,

337 3314 814 3383 Aufschliissessiiber
825 3317 907 3371 die
918 3317 1355 3372 Unsterblichkeit

335 3383 424 3437 der
461 3382 612 3437 Seele
648 3383 837 3449 erhilt,
873 3386 941 3439 ist
975 3401 1072 3439 uns
1107 3387 1354 3441 erhalten.

404 3454 558 3503 cuius
593 3452 732 3505 l'iihrt
777 3453 898 3516 (wie
933 3470 1068 3519 quas
1101 3455 1120 3507 1
1156 3457 1208 3519 3)
1255 3454 1355 3508 den

331 3518 767 3589 Hauptgedanken
784 3522 885 3585 ein,
909 3522 1129 3575 welcher
1147 3522 1245 3575 den
1263 3524 1357 3575 mit

337 3591 461 3708 qui¹¹
475 3590 686 3707 qluidem
739 3594 1104 3657 angetretenen
1153 3590 1356 3645 Beweis

339 3662 426 3707 ent
464 3658 493 3707 fi
517 3664 550 3710 t.

405 3722 516 3784 fuit
565 3726 631 3777 de
679 3746 770 3777 -ε
825 3725 1066 3779 handelte
1119 3742 1222 3779 von
1273 3754 1358 3791 —‚

342 3791 521 3844 betral'.

1449 1818 1847 1872 anschlicl'scnd:
1890 1815 2206 1881 ‘Gedanken,
2247 1814 2347 1873 die'
2383 1849 2470 1874 —.

1518 1903 1789 1939 censemus
1824 1902 1955 1940 wem
1991 1891 2127 1940 muts
2162 1888 2296 1941 dann
2331 1889 2472 1942 wohl
2520 1952 2526 1957 .

1449 1953 1540 2006 der
1562 1954 1917 2022 Aufschwung
1941 1970 2071 2022 new,
2106 1955 2210 2021 vgl.
2236 1972 2301 2008 zu
2324 1960 2471 2008 arbi-

1449 2027 1663 2074 tramur
1698 2021 1782 2074 Vll
1802 2025 1895 2085 243
1946 2040 2135 2076 cursus
2184 2025 2292 2077 halt
2328 2025 2471 2078 nicht

1449 2091 1592 2143 mehr
1627 2091 1725 2144 den
1750 2091 1948 2159 Begriff
1973 2091 2064 2144 des
2090 2091 2293 2159 Fluges,
2330 2093 2469 2146 wohl

1450 2159 1572 2211 aber
1608 2159 1705 2211 den
1742 2159 1831 2212 der
1868 2159 2241 2229 Schnelligkeit
2276 2161 2393 2217 fest.

1518 2232 1705 2281 eventu
1723 2230 1850 2282 iiber
1867 2229 1977 2282 sein
1998 2229 2288 2283 Schicksal:
2326 2232 2470 2285 nicht

1450 2297 1583 2350 ohne
1622 2298 1858 2350 weiteres
1895 2298 1974 2349 sur
2007 2302 2181 2363 exitu,
2213 2304 2400 2353 morte.

1515 2366 1692 2416 invidi
1726 2368 1804 2417 est
1839 2380 1895 2418 es
1928 2360 2156 2418 ‘wurde’
2193 2366 2322 2420 Neid
2358 2381 2471 2419 ver-

1447 2438 1611 2486 raten.

1517 2501 1615 2553 illa
1649 2498 1733 2551 die
1768 2500 1797 2567 ς
1826 2503 1886 2554 13
1924 2501 2223 2555 erwfihnten
2257 2501 2470 2567 Lehren,

1449 2573 1512 2619 ut
1544 2583 1633 2621 zur
1668 2567 1890 2621 naheren
1924 2568 2225 2637 Erkliirung.

1517 2642 1604 2703 ut,
1644 2638 1725 2687 sic
1761 2640 1931 2688 certe.-
1979 2653 2143 2704 zwar,
2180 2640 2303 2692 aber
2338 2639 2469 2692 auch

1448 2703 1795 2757 entschieden.
1868 2704 2034 2759 Dutch
2071 2710 2306 2759 αι’-εἰσ
2342 2706 2470 2761 wird

1450 2772 1591 2825 nicht
1628 2772 1762 2825 bloss
1799 2772 2037 2827 Gleiches
2083 2774 2304 2828 sondern
2340 2776 2471 2829 auch

1452 2839 1615 2907 Entge
1655 2846 1981 2908 engesetztes
2016 2843 2331 2909 verbunden,
2366 2844 2471 2897 und

1451 2910 1611 2962 beson
1650 2924 1730 2962 ers
1784 2909 1957 2977 haufig
2004 2913 2088 2964 ein
2137 2911 2472 2966 konzessives

1454 2975 1745 3030 Verhffltnis
1781 2980 2033 3045 gegeben.
2414 3049 2425 3062 .

1458 3062 1693 3166 ..ism
1712 3047 2476 3197 {2²:15²‘2232Q1552t03fm‘5222

1458 3182 1678 3233 sondern
1723 3182 1801 3234 als
1844 3184 1911 3235 ob
1944 3180 2019 3235 ‘er
2071 3184 2213 3236 nicht
2249 3184 2476 3250 geboren

1460 3250 1613 3302 wiire.
1682 3250 1789 3303 Ans
1836 3250 1952 3303 dem
2001 3250 2276 3317 folgenden
2322 3268 2476 3318 quem

1456 3317 1578 3369 laist
1635 3318 1744 3370 sich
1798 3316 1918 3371 kein
1964 3318 2116 3372 Pron.
2153 3318 2475 3372 indefinitum

1458 3386 1781 3439 entnehmen.

1525 3458 1578 3504 et
1600 3470 1698 3506 nos
1716 3456 1835 3520 (qui
1848 3457 2052 3519 sumus)
2077 3455 2166 3507 hat
2183 3456 2359 3510 seinen
2379 3456 2475 3509 Ge-

1458 3526 1669 3588 gensatz
1706 3522 2097 3589 hauptsichlich
2135 3539 2230 3577 nur
2262 3525 2315 3575 in
2349 3526 2476 3577 dum

1458 3593 1578 3642 m‘t.

1531 3658 1821 3711 laetabitur
1837 3658 1983 3711 mehr
2000 3659 2077 3711 als
2092 3660 2352 3725 gaudere,
2371 3658 2476 3711 und

1463 3726 1606 3779 nicht
1640 3726 1745 3778 viel
1780 3727 2011 3793 weniger
2044 3727 2121 3779 als
2157 3726 2476 3782 frohlocken.

1536 3798 1615 3848 15.
1649 3793 1863 3855 fuerat.-
1884 3792 2145 3861 ‘gewesen
2167 3793 2340 3850 wire'.
2377 3794 2479 3847 Das

407 3876 570 3926 quaet
607 3861 748 3914 nicht
764 3876 929 3928 genau
950 3862 1042 3914 aus
1061 3867 1361 3915 extromum
1466 3858 1741 3931 plusquam
1781 3862 2035 3916 erfektum
2067 3868 2294 3917 versetzt
2318 3866 2369 3916 in
2394 3864 2480 3916 die

339 3926 1012 3996 zuriickbezogen,sondern
1031 3930 1363 3998 allgemeiner
1466 3930 1577 3983 Zeit
1611 3946 1705 3983 vor
1774 3946 1855 3984 em
1891 3929 2037 3984 Tode
2071 3930 2163 3984 des
2201 3930 2393 4000 Scipio.
