2850 4450
1003 327 1164 382 XXVI
1190 327 1556 384 100-xxvu
1583 332 1696 385 1⁰3.
1965 330 1970 338 '
2336 329 2418 389 81

278 503 530 566 maxime
576 501 815 582 quidem
845 500 1171 581 optandum
1214 509 1320 575 est,
1367 510 1439 563 ut
1464 519 1601 563 cum
1644 500 1987 580 aequalibus
2030 501 2240 582 possis,
2286 503 2422 582 qui·

277 589 526 651 buscum
571 596 870 666 tamquam
915 606 948 648 e
990 585 1325 648 carceribus
1369 587 1619 650 emissus
1660 587 1758 663 sis,
1804 605 1939 649 cum
1984 585 2169 649 isdem
2198 587 2269 649 ad
2300 588 2419 650 cal-

274 692 427 748 cem,
471 682 539 735 ut
579 673 814 746 dicitur,
857 670 1188 752 pervenire.
1267 671 1386 734 Sed
1426 672 1709 751 quoniam
1740 691 1836 734 res
1863 672 2155 734 humanae
2184 673 2423 754 fragiles
2442 683 2525 736 102

283 761 654 837 caducaeque
683 766 841 832 sunt,
881 774 1116 836 semper
1144 757 1322 836 aliqui
1351 757 1710 836 anquirendi
1740 764 1903 832 sunt,
1934 775 2087 837 quos
2114 757 2425 838 diligamus

281 853 343 906 et
383 862 415 905 a
463 842 680 923 quibus
722 842 1060 922 diligamur3
1113 842 1356 904 caritate
1406 841 1568 904 enim
1619 841 2151 922 benevolentiaque
2195 842 2423 905 sublata

279 929 476 991 omnis
535 937 626 990 est
682 947 715 990 e
772 927 884 990 vita
948 926 1178 990 sublata
1239 925 1594 990 iucunditas.
1701 926 1844 989 Mihi
1904 927 2145 1007 quidem
2200 927 2423 1008 Scipio,

281 1031 637 1094 quamquam
687 1024 775 1075 est
823 1012 1023 1075 subito
1075 1019 1343 1092 ereptuS,
1407 1012 1542 1074 vivit
1599 1021 1795 1075 tamen
1849 1031 2204 1094 semperque
2252 1013 2425 1075 vivet..

279 1099 569 1161 Virtutem
620 1099 781 1162 enim
829 1097 1018 1159 amavi
1058 1095 1214 1161 illius
1255 1096 1383 1173 viri,
1436 1116 1585 1177 quae
1638 1097 1927 1160 exstincta
1978 1116 2103 1160 non
2148 1106 2256 1174 est,
2309 1117 2423 1161 nec

282 1184 425 1246 mihi
476 1184 585 1247 soli
627 1192 898 1246 versatur
938 1190 1077 1245 ante
1122 1182 1356 1258 oculos,
1410 1182 1512 1262 qui
1557 1183 1713 1245 illam
1758 1201 1996 1263 semper
2036 1184 2099 1245 in
2149 1183 2424 1246 manibus

282 1268 491 1344 habui,
551 1270 656 1332 sed
705 1269 883 1331 etiam
931 1268 1187 1349 posteris
1240 1268 1352 1330 erit
1401 1268 1557 1330 clara
1601 1275 1665 1330 et
1702 1267 1973 1350 insignis.
2060 1269 2249 1331 Nemo
2307 1287 2424 1330 un-

282 1373 456 1434 quam
523 1354 721 1417 animo
787 1364 890 1415 aut
951 1373 1060 1434 spe
1115 1353 1337 1415 maiora
1394 1353 1707 1435 suscipiet,
1768 1355 1869 1434 qui
1927 1353 2038 1416 sihi
2091 1373 2215 1417 non
2268 1353 2425 1418 illius

278 1441 624 1502 memoriam
669 1448 847 1518 atque
890 1439 1206 1519 imaginem
1249 1438 1705 1520 proponendam
1747 1447 1932 1520 putet.
2015 1438 2308 1518 Equidem
2353 1457 2427 1500 ex
2443 1449 2529 1502 103

283 1524 562 1586 omnibus
625 1523 835 1599 rebus,
895 1541 1042 1602 quas
1100 1523 1242 1586 mihi
1308 1531 1410 1585 aut
1472 1525 1713 1586 fortuna
1770 1533 1872 1586 aut
1930 1533 2139 1586 natura
2194 1522 2425 1599 tribuit,

283 1609 431 1669 nihil
482 1607 692 1683 habeo,
747 1608 905 1688 quod
956 1627 1090 1670 cum
1140 1608 1392 1671 amicitia
1444 1609 1741 1688 Scipionis
1791 1609 2013 1689 possim
2061 1626 2425 1690 comparare.

283 1694 351 1754 In
397 1695 508 1756 hac
551 1693 694 1756 mihi
738 1693 810 1755 de
853 1713 922 1756 re
961 1693 1202 1774 publica
1247 1712 1609 1769 consensuS,
1663 1694 1725 1756 in
1769 1694 1881 1755 hac
1923 1712 2125 1756 rerum
2168 1695 2423 1774 privata·

281 1796 413 1840 rum
445 1779 779 1854 consilium,
824 1779 886 1840 in
919 1780 1121 1842 eadem
1153 1779 1390 1859 requies
1419 1780 1597 1860 plena
1629 1779 2040 1842 oblectationis
2068 1780 2198 1841 fuit.
2257 1780 2427 1842 Nun-

281 1881 458 1942 quam
504 1864 670 1926 illum
714 1882 791 1926 ne
833 1864 1077 1926 minima
1123 1865 1362 1945 quidem
1406 1882 1472 1927 re
1518 1863 1759 1940 offendi,
1805 1863 1963 1944 quod
2002 1865 2238 1944 quidem
2284 1883 2424 1926 sen-

281 1949 481 2025 serim,
528 1949 676 2012 nihil
718 1949 913 2012 audivi
954 1967 1028 2011 ex
1072 1969 1144 2012 eo
1191 1951 1318 2031 ipse
1359 1949 1520 2030 quod
1550 1950 1806 2026 nollem.
1878 1950 2009 2012 Una
2038 1950 2250 2012 domus
2279 1961 2427 2024 erat,

283 2083 376 2136 wir
394 2084 505 2137 also
526 2084 668 2137 nicht
685 2084 1064 2151 hineinpassen.
1094 2083 1299 2151 Attius·
1403 2085 1523 2138 dete
1546 2084 1688 2137 Linie
1724 2083 2027 2138 bezeichnet
2050 2083 2142 2137 das
2166 2083 2308 2137 Ende
2332 2083 2424 2138 des

284 2152 476 2204 hausen
512 2153 567 2204 in
603 2149 848 2207 Schilleis
883 2151 1128 2206 Wilhelm
1152 2151 1295 2206 Tell:
1401 2153 1660 2207 Rennens.

271 2211 453 2272 ‘andre
477 2219 654 2274 Zeiten
686 2221 952 2283 kommem
988 2221 1056 2274 Es
1079 2221 1191 2275 lebt
1213 2222 1297 2275 ein
1474 2224 1589 2277 102.
1624 2232 1712 2273 ‘res
1736 2223 2001 2275 humanae
2035 2221 2137 2274 wie
2161 2219 2205 2273 V
2229 2225 2290 2276 17
2316 2220 2419 2276 und

280 2286 760 2342 andersdenkendes
795 2288 1131 2343 Gescblechtl
1175 2289 1301 2343 Was
1401 2307 1580 2343 omnes
1612 2308 1697 2342 res
1730 2290 1765 2357 ἦ
1793 2292 1905 2343 103.

279 2354 386 2406 thu’
421 2354 504 2406 ich
547 2355 689 2407 hier?
758 2356 845 2409 Sie
889 2356 1001 2409 sind
1038 2358 1298 2423 begraben
1468 2374 1697 2425 semper:
1751 2357 1862 2410 also
1916 2356 2059 2410 nicht
2104 2356 2241 2409 blofs
2283 2357 2418 2411 heim

278 2422 406 2491 alle,
451 2422 546 2475 Mit
589 2422 753 2476 denen
793 2424 879 2476 ich
913 2424 1160 2491 gewaltet
1193 2424 1298 2477 und
1400 2425 1684 2478 Auslaufen
1720 2440 1813 2477 aus
1848 2425 1946 2478 den
1966 2424 2261 2479 Schranken
2296 2426 2422 2479 oder

281 2489 472 2555 gelebt.
525 2490 685 2543 Unter
707 2490 798 2544 der
821 2491 954 2544 Erde
977 2492 1138 2545 schon
1173 2491 1302 2559 liegt
1402 2494 1539 2547 heim
1577 2491 1773 2560 BegInn
1809 2493 1901 2546 des
1935 2491 2190 2547 Rennens.

281 2572 332 2609 m
349 2558 496 2611 eine
532 2557 670 2639 Zeitj
725 2558 880 2612 Wohl
914 2559 1048 2624 dem,
1085 2560 1174 2613 der
1208 2561 1302 2617 mit
1481 2594 1618 2645 quae
1674 2582 1941 2630 &ainata
1992 2594 2103 2630 mm
2160 2582 2239 2629 est
2294 2567 2420 2631 ‘n'nd

279 2624 373 2679 der
407 2642 573 2679 neuen
608 2627 750 2680 ΝΟΜ
783 2628 928 2681 mehr
974 2628 1192 2682 bfflucht
1237 2646 1302 2682 ΖΠ
1403 2646 1545 2699 diese
1595 2647 1667 2698 ist
1709 2646 1897 2699 nicht
1949 2642 2273 2700 erloschen’:
2326 2646 2421 2699 mit

277 2688 479 2749 leben?
1403 2713 1519 2767 dem
1554 2702 1916 2778 Lebenslicht,
1935 2715 2096 2767 meint
2128 2713 2315 2767 Lalius.

348 2764 643 2830 oplandum
691 2768 770 2815 est
814 2779 872 2817 es
923 2760 1106 2817 ‘wire'
1157 2769 1303 2817 wun-

277 2832 786 2953 ffihzzzzgadgtli
813 2834 1070 2954 θξὲιίξξὲἶι.
1083 2836 1301 2967 'Iu-35²¹?
1401 2882 1505 2920 von
1524 2867 1615 2919 der
1632 2868 1878 2920 nfichsten
1895 2866 1940 2919 Ν
1944 2867 2057 2933 ihc,
2075 2866 2295 2922 sondern
2314 2882 2417 2919 von

279 2965 483 3019 Ebenso
519 2969 665 3033 quod
695 2968 1054 3021 domandum
1079 2974 1158 3021 „t
1189 2985 1297 3023 was
1399 2935 1489 3025 der
1523 2934 1919 2989 unmittelbaren
1954 2935 2270 3003 Ben‘ihrung.

280 3033 600 3101 anzuklagen
633 3030 845 3090 ‘wire't
885 3037 1118 3105 dagegen
1154 3040 1300 3105 quod
1396 3020 1574 3087 2075&
1596 3022 1749 3072 elam
1774 3025 1827 3071 ⁰⁸
1848 3024 2083 3086 infigat&
2106 3018 2416 3106 etW8,‘Wil'(l

281 3102 644 3153 accusandum
695 3110 827 3157 ‘met
877 3106 1003 3159 0310
1059 3104 1127 3159 Μ,
1167 3106 1229 3159 Ῑῃ
1266 3111 1294 3161 7
1397 3089 1467 3141 im
1517 3087 1737 3141 hellsten
1774 3088 1965 3141 Glanze
2012 3088 2239 3141 strehlen
2260 3126 2275 3142 .
2346 3088 2417 3142 So

282 3184 392 3221 was
427 3168 746 3238 anzuklagen
778 3166 1039 3240 ‘gewegen
1077 3168 1250 3228 'fil-3²·
1399 3156 1538 3209 steht
1562 3155 1685 3209 Sall.
1711 3156 1819 3209 Cat.
1842 3156 1863 3208 Ῑ
1887 3158 1920 3209 4
1944 3156 2126 3209 clarus
2148 3162 2419 3210 aetmus-

348 3239 875 3304 quibuscum-eum
898 3242 1066 3293 isdem
1088 3242 1158 3294 133
1181 3244 1296 3296 eine
1400 3240 1502 3289 que
1536 3239 1639 3276 von
1683 3225 2173 3304 unverganglichem
2208 3224 2415 3279 Glanze.

278 3304 648 3359 motivierende
669 3305 996 3376 Appogffiom
1033 3310 1132 3361 wie
1167 3311 1297 3363 „ach
1399 3292 1547 3345 Auch
1581 3291 1691 3344 dies
1726 3298 1811 3357 ist,
1848 3308 2001 3345 wenn
2038 3308 2155 3345 man
2192 3293 2320 3359 will,
2356 3298 2418 3347 g„

279 3390 372 3427 aus
399 3374 488 3427 der
514 3373 752 3443 Stellung
775 3375 866 3429 des
886 3379 1059 3443 possis
1081 3376 1301 3431 erkannt
1400 3356 1495 3413 διὰ
1531 3356 1703 3443 {wlv-
2063 3432 2075 3445 ο

278 3442 422 3496 wird.
1470 3444 1650 3481 ammo
1686 3434 1784 3480 aut
1814 3445 1908 3495 spe
1929 3444 2201 3497 mamper-e
2234 3445 2298 3482 zu
2322 3446 2417 3483 un-

347 3528 376 3561 e
411 3513 802 3564 carembm-
819 3513 895 3564 aa
914 3514 1126 3567 calcem,
1173 3512 1298 3567 Das-
1399 3496 1698 3550 ternehmen
1747 3496 1871 3550 oder
1906 3513 1971 3550 zu
2006 3496 2180 3551 hoffen
2214 3513 2416 3564 wagen.

281 3578 424 3631 selbe
459 3578 574 3631 Bild
608 3594 712 3632 von
748 3578 838 3632 der
863 3580 1143 3634 Rennbahn
1171 3582 1296 3635 Cato
1472 3584 1587 3636 103.
1619 3582 1764 3634 nihil
1796 3582 1983 3634 audivi
2004 3600 2075 3634 ex
2096 3599 2157 3635 eo
2180 3586 2291 3651 ipse
2316 3591 2415 3639 etc.

280 3643 347 3697 Μ.
373 3644 527 3699 XXIII
558 3649 622 3701 83
659 3663 756 3700 nee
789 3665 915 3701 vero
951 3650 1108 3701 velim
1143 3654 1300 3717 quasi
1401 3648 1561 3703 Sinn:
1601 3651 1765 3703 sowie
1810 3650 1940 3704 auch
1978 3651 2061 3703 ich
2096 3652 2417 3707 meinerseits

283 3713 504 3765 decurso
533 3719 708 3781 spatio
732 3733 766 3769 a
791 3719 937 3770 calce
960 3719 1034 3770 ad
1056 3734 1296 3771 carceres
1398 3718 1484 3770 nie
1536 3717 1619 3771 ein
1671 3717 2083 3772 unfreundlicbes
2119 3718 2267 3773 Wort
2311 3736 2415 3775 von

279 3785 541 3835 revocari.
577 3784 684 3837 Aus
708 3784 807 3838 den
832 3785 1128 3839 Schranken
1158 3788 1296 3851 (ear-
1398 3786 1505 3839 ihm
1552 3785 1735 3852 gehort
1779 3787 1929 3839 habe.
2004 3785 2124 3840 Dass
2173 3788 2415 3855 librigens

280 3853 443 3914 ceres)
487 3849 693 3904 werden
738 3852 900 3907 Rosse
947 3852 1052 3907 und
1099 3853 1296 3923 Wagen
1395 3851 1636 3906 ‘niemals
1690 3854 1821 3907 hahe
1872 3854 1956 3907 ich
2002 3855 2092 3907 ibn
2140 3852 2411 3924 beleidigt’

280 3917 718 3985 herausgelassen,
737 3922 839 3975 und
858 3924 975 3976 eine
994 3923 1174 3976 weitse
1191 3938 1296 3976 von
1399 3922 1600 3989 besagt,
1636 3922 1737 3975 wie
1772 3922 1851 3975 oft
1880 3922 2010 3975 auch
2033 3924 2117 3976 bei
2142 3940 2256 3993 une,
2291 3918 2417 3979 ‘nie-

280 3986 420 4038 einer
468 3985 879 4057 Kalkschfittnng
921 3992 1088 4059 (calx)
1135 3991 1298 4060 gebil-
1398 3990 1529 4043 mals
1576 3989 1666 4043 hat
1711 4006 1766 4043 er
1808 3991 1919 4044 sich
1962 3990 2121 4046 durch
2157 3994 2293 4047 mich
2328 3994 2417 4048 he·

381 4090 575 4135 Laeuus.
628 4090 692 4134 ιο.
713 4093 832 4137 Aua.
1976 4082 2007 4132 6

1470 2802 1531 2851 in
1548 2800 1795 2851 manibus
1810 2800 1977 2851 habui
1993 2799 2104 2852 hier
2120 2798 2261 2851 nicht
2286 2798 2419 2851 blofs
