2850 4450
397 235 476 294 16
1103 233 1370 288 LAELIUS
1404 233 1489 286 DE
1525 231 1828 288 AMICITIA.

395 408 468 471 ad
512 418 569 468 te
615 408 688 467 de
731 415 1058 480 senectute,
1104 406 1387 469 Catonem
1433 406 1638 467 induxi
1682 424 1886 468 senem
1932 405 2347 487 disputantem,
2393 410 2532 488 quia

394 493 554 555 nulla
599 490 905 554 videbatur
945 491 1138 572 aptior
1183 508 1455 572 persona,
1502 509 1651 571 quae
1695 492 1769 552 de
1797 490 1894 553 illa
1936 500 2123 554 aetate
2167 492 2529 572 loqueretur,

396 595 571 658 quam
617 577 762 651 eius,
809 577 910 656 qui
941 586 1003 638 et
1030 577 1357 640 diutissime
1399 595 1584 639 senex
1626 577 1835 638 fuisset
1876 578 2026 639 etin
2070 577 2197 658 ipsa
2226 589 2533 641 senectute

394 671 632 743 praeter
687 671 918 724 ceteros
973 662 1303 738 floruisset,
1359 662 1475 738 sic,
1522 679 1656 724 cum
1714 663 2147 743 accepissemus
2191 683 2224 726 a
2266 664 2533 744 patribus

393 747 643 809 maxime
701 747 1141 810 memorabilem
1196 748 1259 811 C.
1305 748 1465 809 Laeli
1520 756 1579 808 et
1635 747 1699 809 P.
1745 746 2042 827 Scipionis
2086 749 2533 812 familiaritatem

393 833 604 907 fuisse,
649 832 860 895 idonea
919 833 1061 895 mihi
1105 833 1267 895 Laeli
1322 850 1589 913 persona„
1637 833 1758 894 visa
1802 842 1920 907 est,
1966 851 2118 913 quse
2162 836 2235 896 dc
2280 835 2533 897 amicitia

398 936 465 980 ea
511 917 635 998 ipsa
679 918 1010 994 dissereret,
1056 937 1206 998 quae
1251 919 1546 998 disputata
1590 916 1664 979 ab
1709 936 1781 980 eo
1825 918 2193 982 meminisset
2237 920 2535 982 Scaevola.

395 1004 600 1065 Genus
653 1013 850 1066 autem
905 1004 1022 1065 hoc
1073 1022 1419 1066 sermonum
1477 1003 1735 1083 positum
1789 1003 1853 1064 in
1906 1004 2213 1066 hominum
2270 1015 2537 1068 veterum

396 1089 744 1150 auctoritate
787 1097 848 1150 et
890 1106 1099 1150 eorum
1141 1089 1455 1152 illustrium
1502 1089 1637 1168 plus
1679 1088 1882 1150 nescio
1926 1106 2045 1167 quo
2090 1099 2263 1170 pacto
2306 1091 2538 1152 videtur

394 1173 614 1234 habere
658 1174 976 1254 gravitatis.
1062 1174 1267 1253 ltaque
1323 1175 1451 1253 ipse
1509 1190 1637 1234 mea
1693 1173 1897 1254 legens
1951 1174 2037 1236 sic
2080 1175 2309 1237 afficior
2351 1177 2537 1238 inter-

340 1268 370 1318 5
398 1260 560 1334 dum,
605 1269 674 1322 ut
703 1259 1006 1334 Catonem,
1053 1278 1174 1321 non
1221 1277 1336 1333 me,
1382 1259 1545 1337 loqui
1590 1257 1935 1322 existimem.
2025 1260 2141 1323 Sed
2184 1270 2251 1322 ut
2292 1270 2421 1323 tum
2464 1262 2536 1323 ad

397 1362 601 1406 senem
643 1363 828 1407 senex
870 1344 945 1406 de
987 1352 1311 1419 senectute,
1355 1343 1443 1406 sic
1486 1343 1599 1404 hoc
1642 1343 1794 1405 libro
1839 1344 1909 1406 ad
1955 1345 2213 1407 amicum
2256 1347 2537 1409 amicissi-

398 1447 531 1491 mus
587 1429 797 1511 scripsi
849 1429 924 1491 de
979 1429 1248 1491 amicitia.
1357 1428 1512 1489 Tum
1568 1436 1658 1490 est
1715 1428 1855 1491 Cato
1915 1429 2178 1505 locutuS,
2236 1450 2355 1511 quo
2414 1440 2538 1493 erat

399 1533 576 1576 nemo
631 1516 755 1577 fere
811 1516 1014 1577 senior
1067 1512 1440 1596 temporibus
1494 1512 1639 1587 illis,
1700 1531 1879 1575 nemo
1934 1515 2287 1596 prudentior
2300 1535 2317 1592 ;
2375 1534 2535 1578 nunc

401 1599 634 1662 Laelius
689 1610 748 1662 et
803 1601 1040 1682 sapiens
1095 1601 1205 1678 (sic
1251 1599 1410 1662 enim
1456 1608 1547 1660 est
1589 1597 1846 1677 habitus)
1906 1609 1965 1662 et
2009 1601 2296 1663 amicitiae
2350 1601 2535 1681 gloria

471 1784 725 1836 Catonem
757 1784 957 1835 induxi
989 1799 1182 1836 eonem.
1252 1783 1419 1836 Dutch
1560 1786 1740 1835 esetzt.
1812 1783 2043 1836 Genauer
2094 1797 2396 1850 genommen
2443 1786 2535 1835 be-

402 1851 486 1904 die
522 1851 799 1917 Trennung
845 1851 934 1904 der
967 1852 1275 1918 Apposition
1316 1866 1417 1904 von
1522 1796 1702 1902 geutet
1738 1851 1995 1903 disserere
2040 1849 2362 1914 entwickeln,
2398 1854 2536 1902 eror—

403 1921 562 1973 ihrem
624 1919 1083 1987 Beziehungswort
1144 1920 1269 1972 vird
1330 1919 1420 1971 der
1525 1924 1659 1982 tem,
1708 1919 1817 1972 bes.
1854 1920 1905 1971 in
1954 1917 2567 1985 zusammenhfingender-

402 1988 580 2041 Anlass
617 1988 706 2040 der
740 1986 892 2040 wahl
930 1988 1367 2054 hervorgehoben.
1521 1984 1685 2046 Rede;
1725 1988 2005 2054 disputare
2040 1989 2121 2039 ins
2142 1987 2283 2040 reine
2307 1986 2541 2052 bringeri,

465 2072 699 2121 persona
733 2057 854 2122 (εἰς.
883 2054 1302 2123 Theatermnske)
1335 2057 1419 2108 nie
1524 2053 1617 2106 das
1649 2055 1748 2107 Fur
1783 2054 1885 2107 und
1910 2053 2087 2108 Wider
2120 2055 2388 2122 abwiigen‚
2411 2054 2541 2107 Vor-

402 2123 486 2176 die
511 2122 702 2176 Person
729 2123 805 2176 uls
833 2123 1278 2176 selbstbewul'stes
1301 2123 1420 2176 Ein-

401 2191 659 2245 zelwesen
675 2232 689 2257 ,
736 2191 956 2246 sondem
999 2196 1128 2245 stets
1161 2192 1214 2245 in
1251 2191 1420 2246 Rsck·

401 2262 536 2313 sicht
553 2260 645 2314 auf
659 2260 740 2313 die
752 2260 914 2323 Rolle,
925 2260 1007 2312 die
1020 2261 1231 2325 jemand
1250 2262 1422 2327 spicit,

403 2329 493 2382 auf
523 2328 633 2395 dns,
657 2343 768 2382 was
793 2344 848 2382 er
871 2329 1000 2382 nach
1019 2328 1294 2382 Charakter
1319 2328 1422 2383 und

403 2397 790 2451 Verhiiltnissen
851 2397 1111 2462 voi-stem,
1171 2398 1286 2451 also
1337 2398 1421 2451 die

402 2464 826 2519 Personlichkeit.

438 2535 782 2653 'diutissima
821 2534 946 2586 Ceto
975 2532 1150 2587 warde
1175 2536 1240 2588 85
1264 2532 1419 2586 Jshre

405 2618 430 2654 a
458 2609 493 2655 t.

408 2686 570 2791 seltblst
583 2685 736 2789 ’ἕξεί
753 2674 1084 2805 εέῗὲῆᾞιιέὲιι
1107 2669 1273 2791 lfa-aser
1278 2670 1426 2791 Αᾱιὲξῖ

407 2807 581 2859 selben
619 2805 1136 2889 gegenubergestellt.

406 2878 908 3009 ...fxssffssz‘ffi
930 2890 1043 2995 *3³02
1060 2872 1424 2995 'iissssrffisssssst

405 3010 646 3079 Dagegen
670 3009 848 3062 wiirde
867 3026 1004 3077 prae
1027 3014 1231 3073 ceteris,
1255 3011 1308 3062 in
1334 3009 1424 3062 der

407 3084 563 3148 guten
599 3078 840 3131 Latinitiit
886 3094 982 3131 nur
1014 3075 1084 3131 ‘in
1122 3071 1418 3145 Vergleich'

405 3148 498 3201 mit
523 3147 622 3201 den
640 3147 874 3213 iibrigem
893 3146 984 3199 dns
1003 3146 1169 3201 Glsck
1187 3146 1277 3199 des
1295 3146 1421 3198 Cato

405 3218 460 3337 iLn
495 3218 684 3337 hetiuem
734 3214 990 3335 haiemlic?
1049 3213 1420 3268 bedenklichen

447 3300 495 3337 nc
555 3300 584 3337 e
621 3298 732 3337 ersc
769 3298 918 3336 emen
975 3298 1141 3336 assen.

472 3355 744 3417 fior-uiuet
762 3350 1020 3419 glficklich
1039 3365 1280 3418 gewesen
1302 3365 1426 3402 war.

407 3420 562 3474 Nicht
599 3436 661 3474 an
687 3418 1036 3488 Jugendblfite
1071 3419 1175 3471 und
1200 3416 1427 3486 sugend-

411 3489 628 3552 frische,
710 3487 933 3541 sondern
1018 3486 1138 3539 eheu·
1208 3502 1273 3539 an
1344 3484 1427 3537 die

408 3558 534 3611 Ceto
581 3556 650 3612 Μ.
685 3556 745 3609 Ill
784 3558 814 3609 8
862 3554 1159 3608 erwfihnten
1206 3570 1328 3621 opes
1377 3560 1431 3604 οι

408 3629 592 3746 «sopiat
625 3630 677 3677 et
711 3624 1031 3690 dignitatem
1072 3624 1161 3676 hut
1207 3638 1323 3675 man
1360 3637 1424 3674 zu

448 3709 511 3745 en
551 3709 630 3747 en.

478 3760 1141 3827 dissereret—disputata.
1193 3759 1286 3811 Als
1311 3757 1424 3811 dem

411 3828 569 3882 Sinne
620 3830 751 3881 nach
805 3829 922 3880 sehr
975 3829 1107 3881 nahe
1159 3825 1427 3880 verwandt

410 3896 616 3949 werden
661 3895 803 3949 diese
843 3894 1010 3948 Verba
1059 3895 1140 3949 fiir
1185 3893 1429 3947 einander

1522 2126 1635 2189 trag
1670 2123 1841 2176 hulten
1878 2123 2007 2176 iiber
2040 2153 2123 2176 —-.

1586 2195 1826 2257 positum
1859 2194 1917 2244 in
1954 2196 2280 2245 auctoritate
2313 2190 2394 2245 die
2430 2191 2541 2244 sich

1526 2259 1615 2311 auf
1648 2259 1741 2313 das
1775 2261 2014 2313 Ansehen
2051 2265 2225 2315 stfitzt.

1590 2333 1857 2380 vetorum.-
1901 2329 2043 2381 nicht
2081 2331 2327 2396 provecti
2370 2332 2543 2379 aetate

1524 2395 1637 2447 sind
1696 2398 1948 2464 gemeint,
2018 2396 2236 2450 sondern
2308 2398 2543 2447 homines

1520 2467 1863 2529 superiorum
1899 2470 2213 2533 temporum,
2249 2464 2403 2517 deren
2439 2467 2541 2514 An-

1524 2531 1726 2585 denken
1786 2534 1917 2587 noch
1978 2534 2208 2587 fortlebt.
2312 2532 2543 2584 illustris

1529 2600 1891 2668 hochgestellt.

1596 2673 1774 2721 neseio
1811 2685 1915 2735 quo
1944 2674 2108 2735 pacto
2144 2670 2243 2733 eig.
2268 2667 2351 2719 ich
2388 2667 2543 2719 weiss

1528 2737 1684 2801 nicht,
1699 2740 1941 2803 vermoge
1962 2736 2186 2788 welches
2195 2734 2544 2786 Abkommens

1528 2803 1651 2857 oder
1674 2805 1766 2857 auf
1784 2804 1980 2856 welche
2005 2801 2201 2863 Weise;
2236 2800 2418 2852 daher:
2453 2797 2545 2852 ‘ei-

1526 2866 2097 2939 gentiimlicherweise',
2123 2862 2539 2921 ‘unwillkurlich’

1529 2938 1708 3005 (XXVI
1748 2942 1879 3003 100).

1594 3023 1710 3058 mea
1787 3008 1882 3058 mit
1960 3006 2100 3057 einer
2172 3004 2545 3057 hescheidenen

1528 3072 1819 3140 Liissigkeit
1868 3074 1949 3125 fiir
1995 3072 2193 3124 librum
2238 3087 2412 3124 meum
2460 3072 2546 3138 (do

1525 3144 1835 3206 semotum:
1910 3141 2044 3193 heim
2113 3141 2275 3193 Lesen
2332 3138 2547 3193 ‘meiner

1527 3206 1763 3264 Sachen’.
1896 3270 1903 3276 ,

1596 3282 1645 3333 5.
1683 3278 1790 3330 Sed
1822 3276 1983 3342 Doch,
2018 3292 2106 3329 um
2143 3292 2233 3329 zur
2256 3276 2417 3329 Sache
2453 3290 2543 3326 zu·

1529 3345 1913 3399 rfickzukehren
1930 3366 1943 3407 3
1963 3350 2095 3411 tum,
2114 3346 2191 3397 als
2208 3345 2291 3396 ich
2308 3342 2407 3395 den
2420 3342 2547 3395 Cato

1529 3414 1792 3467 verfssste.
1861 3414 2097 3467 Genauer
2142 3414 2219 3465 uls
2265 3414 2363 3463 hoc
2409 3410 2549 3461 libro

1532 3482 1707 3535 witi-de
1730 3483 1925 3535 diesem
1954 3487 2068 3533 tum
2092 3480 2221 3533 euch
2257 3479 2366 3531 hier
2387 3493 2549 3540 nunc,

1532 3552 1655 3604 oder
1708 3551 1824 3604 dem
1878 3553 1977 3602 hoc
2027 3549 2163 3600 libro
2212 3548 2292 3599 ein
2345 3546 2551 3598 vorsus-

1532 3618 1794 3687 gehendes
1826 3620 1923 3671 illo
1962 3618 2100 3669 libro
2127 3614 2482 3682 entsprechen.

1596 3689 1670 3740 ad
1691 3702 1866 3739 senem
1886 3701 2054 3737 senem
2073 3684 2138 3737 do
2154 3686 2417 3735 senectuto
2437 3684 2551 3735 eine

1530 3771 1643 3823 sog.
1679 3754 1972 3807 Traductio.

1597 3828 1679 3875 sio
1711 3828 1790 3873 ost
1824 3823 2041 3873 habitus
2081 3835 2141 3872 so
2175 3820 2269 3872 suh
2306 3835 2423 3872 mun
2464 3819 2552 3871 ihu

1530 3908 1611 3945 an.
