2850 4450
251 418 312 470 13

252 1356 310 1408 14

353 233 436 294 24

1057 234 1325 288 LAELlns
1359 235 1444 288 DE
1477 234 1785 290 Amcl'm.

527 407 622 470 lv.
681 408 887 486 Neque
931 407 1092 468 enim
1135 407 1431 470 assentior
1472 408 1577 481 iis,
1634 408 1739 488 qui
1780 409 1926 470 haec
1971 424 2184 487 nuper·
2206 407 2495 470 disserere

355 503 718 573 coeperunt:
767 510 904 554 cum
947 493 1304 572 corporibus
1331 492 1509 555 simul
1536 493 1767 555 animos
1794 492 2059 566 interire,
2090 500 2270 571 atque
2300 492 2495 554 omnia

352 587 547 640 morte
589 578 792 639 deleri.
879 577 1020 639 Plus
1062 577 1220 657 apud
1261 597 1358 640 me
1400 578 1779 658 antiquorum
1826 578 2146 640 auctoritas
2184 577 2365 639 valet:
2404 577 2497 640 vel

358 674 702 726 nostrorum
745 662 1055 735 maiorum,
1100 663 1203 740 qui
1245 663 1497 725 mortuis
1526 673 1645 724 tam
1676 664 1949 742 religiosa
1980 665 2109 724 iura
2137 661 2495 736 tribuerunt,

353 748 513 827 quod
572 766 693 809 non
751 747 1033 809 fecissent
1089 749 1390 827 profecto,
1448 749 1499 810 si
1544 749 1691 810 nihil
1730 747 1805 810 ad
1848 767 1951 830 eos
1994 747 2297 827 pertinere
2337 748 2493 809 arbi-

351 842 680 908 trarentur3
739 831 829 894 vel
884 850 1121 907 eorum,
1178 833 1284 912 qui
1327 833 1390 895 in
1434 833 1547 894 hac
1588 843 1749 894 terra
1806 834 2051 896 fuerunt
2104 851 2495 912 magnamque

353 916 684 992 Graeciam,
727 924 882 997 quae
913 936 1076 980 nunc
1107 917 1343 996 quidem
1374 918 1567 980 deleta
1596 926 1704 992 est,
1749 927 1877 980 tum
1905 918 2173 992 florebat,
2214 918 2497 980 institutis

354 1013 415 1064 et
458 1003 792 1084 praeceptis
833 1002 955 1065 suis
1001 1002 1378 1079 erudierunt3
1434 1004 1526 1065 vel
1570 1003 1728 1076 eius,
1774 1004 1876 1082 qui
1920 1002 2211 1083 Apollinis
2255 1003 2495 1065 oraculo

351 1088 824 1168 sapientIssimus
878 1097 970 1149 est
1022 1087 1346 1162 iudicatuS,
1405 1089 1507 1168 qui
1553 1107 1675 1150 non
1721 1098 1849 1150 tum
1892 1089 2004 1150 hoc
2048 1099 2172 1149 tum
2219 1087 2387 1163 illud,
2436 1097 2500 1148 ut

353 1173 416 1234 in
447 1172 768 1253 plerisque,
811 1172 915 1235 sed
959 1172 1113 1234 idem
1159 1192 1412 1253 semper,
1460 1173 1691 1235 animos
1734 1173 2045 1236 hominum
2089 1191 2219 1236 esse
2248 1173 2494 1246 divinos,

351 1257 560 1338 iisque,
607 1277 742 1320 cum
772 1275 844 1319 ex
875 1275 1128 1338 corpore
1159 1258 1567 1332 excessissent,
1608 1258 1864 1321 reditum
1907 1259 1971 1320 in
2003 1258 2231 1320 caelum
2275 1267 2495 1338 patere,

353 1343 699 1423 optimoque
743 1352 804 1404 et
857 1343 1178 1405 iustIssimo
1237 1344 1457 1423 cuique
1510 1342 2031 1423 expeditissImum.
2118 1341 2291 1414 Quod
2340 1343 2496 1402 idem

359 1427 625 1509 Scipioni
678 1427 1002 1504 videbatur,
1059 1428 1160 1507 qui
1217 1428 1488 1509 quidem,
1533 1429 1701 1507 quasi
1755 1428 2131 1509 praesagiret,
2188 1427 2497 1508 perpaucis

353 1578 436 1630 die
463 1577 766 1644 Unterwelt)
799 1582 936 1630 etwa
959 1593 1143 1629 manee
1162 1572 1372 1646 ‘zu-den

353 1639 613 1699 Schatten'
635 1646 972 1713 entsprechen
991 1646 1184 1699 warde.
1233 1647 1374 1700 Abn-

352 1714 455 1766 Iich
505 1713 757 1766 Catonem
802 1715 1002 1766 induxi
1044 1730 1220 1766 senem
1269 1716 1288 1766 I
1322 1719 1374 1768 4.

351 1781 451 1834 Der
481 1780 637 1834 durch
667 1784 968 1849 pervenisse
990 1783 1254 1848 gegebene
1278 1783 1375 1836 Be-

353 1848 475 1918 griff
490 1848 584 1902 des
608 1849 898 1916 Gelsngens
927 1848 1053 1902 oder
1075 1848 1374 1904 ErreIchens

351 1917 621 1970 verbIndet
655 1918 765 1970 sich
802 1917 1050 1971 zunichst
1075 1919 1168 1970 mit
1191 1920 1266 1971 ad
1285 1936 1376 1971 m·

348 2002 536 2054 per-0⁸3
561 1987 636 2038 ad
655 1983 864 2048 inferos
887 1986 1062 2039 wurde
1086 1991 1261 2054 streng
1283 2003 1373 2054 ge-

353 2069 591 2108 nommen
627 2054 713 2107 ein
738 2053 957 2106 Verbum
994 2055 1094 2106 wie
1119 2056 1374 2108 decidisse

354 2120 472 2173 Hor.
509 2121 564 2173 C.
601 2121 669 2173 lv
705 2125 843 2185 7,14
874 2121 1168 2188 vei-langen.

433 2187 502 2241 tv
558 2191 639 2244 13.
717 2191 847 2243 haee
906 2190 1168 2243 disserere
1231 2190 1375 2245 diesc

350 2251 580 2311 ‘Lehren'
637 2258 994 2312 auszustellen.
1080 2258 1199 2312 Dies
1253 2260 1376 2326 geht

353 2326 447 2379 auf
478 2325 560 2377 die
595 2325 892 2394 Epikureer.

423 2395 587 2445 deleri
631 2394 870 2456 authore,
917 2396 1002 2447 ein
1035 2394 1177 2447 Ende
1223 2396 1372 2451 habe.

420 2465 722 2581 calcetur-itae
745 2464 836 2516 der
861 2463 1118 2530 Vorgang,
1144 2463 1234 2516 das
1259 2463 1374 2517 Bei-

355 2544 466 2597 sple
490 2567 504 2583 .

422 2602 732 2650 nostrorum
764 2601 1048 2651 maiorum.
1117 2598 1218 2652 Das
1254 2599 1376 2652 Pro-

356 2664 852 2747 nqminalffAdJektiv
885 2666 956 2719 Ist
979 2667 1088 2719 hIer
1111 2667 1214 2719 und
1241 2666 1285 2717 V
1311 2670 1373 2724 18

357 2732 1078 2857 aezl1e¹¹¹1¹ffiffiml⁸⁶hll¹¹¹3¹
1103 2750 1288 2855 „3312”
1314 2751 1379 2856 ἐζ

356 2869 638 2935 Hammon,
665 2869 806 2922 wohl
830 2869 952 2922 aber
976 2869 1057 2921 die
1076 2868 1379 2938 Bedeutung

354 2932 584 2991 ‘unserer
618 2934 817 3003 eignen’
859 2937 1105 2990 erhslten.

422 3008 472 3056 si
495 3006 899 3057 arbitrarentur
924 3020 1074 3058 wenn
1101 3006 1176 3059 sie
1201 3006 1381 3073 glaub-

356 3076 443 3126 ten
457 3090 530 3117 ⁴-
550 3072 793 3139 geglaubt
819 3074 1009 3131 hfitten.
1066 3073 1168 3126 Das
1188 3075 1380 3141 Imper-

358 3141 556 3194 sektum
602 3142 1069 3209 vergegenwirtigt
1113 3142 1206 3196 das
1251 3142 1380 3196 Fak·

356 3213 483 3275 tum,
518 3208 688 3262 indem
715 3225 771 3262 es
795 3209 910 3262 dem
946 3211 1200 3277 positiven
1239 3213 1384 3278 quoa

355 3276 606 3396 fecerltlmt
646 3281 777 3344 quia
823 3280 1236 3331 arbitrabantur
1271 3285 1382 3333 ent-

357 3359 382 3397 s
419 3345 492 3396 ric
533 3349 569 3396 t.
728 3382 732 3386 -

384 3361 564 3463 1'nillil
606 3413 679 3463 ad
724 3428 812 3463 eos
852 3416 1122 3479 pertinere
1157 3414 1269 3467 dass
1304 3415 1380 3468 sie

357 3480 459 3545 (die
480 3479 694 3544 Rechts)
719 3480 980 3533 dieselben
1019 3482 1121 3544 (die
1145 3480 1380 3536 Verstor·

360 3549 546 3614 benen)
589 3562 680 3615 gar
727 3547 870 3601 nicht
905 3548 1208 3615 bert'ihrten,
1258 3550 1381 3603 den-

358 3617 536 3669 selben
583 3632 673 3683 gar
715 3617 858 3669 nicht
901 3632 962 3668 zu
1010 3621 1131 3685 gnte
1175 3619 1378 3675 kamen-

358 3684 470 3737 xlv
507 3688 600 3739 50:
637 3685 743 3738 Sed
773 3686 956 3737 eadem
981 3688 1194 3738 bonitas
1219 3690 1379 3739 etiam

357 3753 434 3805 ad
463 3754 862 3805 multitudinem
889 3757 1144 3820 pertinet.

417 3819 644 3881 fuerunt
661 3816 854 3888 ‘gelebt
865 3820 1046 3877 haben'
1060 3823 1137 3875 als
1149 3822 1378 3887 Fremde,

358 3889 428 3941 im
483 3888 798 3956 Gegensatze
852 3906 1015 3957 gegen
1073 3898 1378 3943 nostrorum

1474 1582 1761 1634 maiorum.
1830 1577 1950 1630 Dies
1991 1579 2115 1645 geht
2158 1577 2249 1630 aus
2279 1577 2363 1630 die
2398 1576 2499 1645 Py·

1476 1648 1745 1714 thagoreer
1778 1645 1902 1715 (seit
1920 1650 2039 1710 500)
2074 1646 2179 1699 und
2201 1645 2310 1698 ihre
2333 1644 2496 1698 Lehre

1474 1731 1577 1768 von
1613 1715 1705 1767 der
1739 1713 2255 1780 Seelenwanderung.

1546 1784 1717 1834 deleta
1741 1784 2028 1836 vernichtet
2065 1783 2153 1845 ist,
2182 1782 2325 1834 nicht
2356 1782 2501 1834 mehr

1477 1851 1725 1904 existiert.

1544 1921 1661 1970 eius
1694 1921 1791 1985 qui
1824 1922 1904 1968 est
1934 1918 2233 1981 iudicatus,
2268 1920 2389 1982 qui:
2434 1931 2498 1969 zu

1476 2004 1546 2040 σω
1578 2003 1641 2039 ea
1664 1991 1895 2038 caritate
1918 2001 2055 2052 quae
2077 1991 2157 2037 est
2178 1989 2322 2036 inter
2344 1989 2498 2037 natos

1478 2061 1529 2108 et
1555 2059 1825 2122 parentes,
1870 2070 2006 2120 quae
2043 2051 2152 2104 vm
2188 2056 2271 2106 27.

1544 2126 1604 2174 in
1654 2123 1931 2188 plerisque
1988 2122 2070 2174 bei
2124 2121 2221 2173 den
2282 2121 2498 2174 meisten

1476 2190 1700 2258 Dingen,
1746 2206 1829 2244 wo
1864 2204 1921 2244 er
1964 2193 2023 2241 in
2056 2193 2341 2257 utramque
2368 2205 2500 2256 par-

1480 2265 1582 2311 tem
1602 2275 1663 2311 zu
1688 2258 1999 2326 disputieren
2026 2258 2234 2325 pflegte.
2306 2258 2371 2309 In
2390 2260 2501 2325 ple·

1477 2330 1660 2394 risque
1704 2328 1773 2379 ist
1826 2327 1917 2379 das
1963 2325 2234 2379 Neutrum:
2290 2326 2389 2378 wie
2437 2327 2502 2377 de

1478 2398 1669 2447 esteris
1691 2396 1815 2447 Cato
1852 2394 1920 2447 M.
1956 2394 1975 2446 I
2012 2398 2062 2458 3,
2096 2397 2155 2445 in
2192 2398 2379 2445 ceteris
2402 2392 2499 2447 Off.

1476 2464 1498 2517 1
1515 2466 1599 2528 39,
1621 2466 1736 2529 139,
1753 2463 1878 2515 oder
1896 2464 2138 2515 omnibus
2154 2462 2291 2516 Lael.
2305 2461 2391 2515 VII
2409 2466 2513 2524 233·

1482 2531 1577 2585 Off.
1600 2530 1723 2593 137,
1748 2529 2137 2594 1333Liv.145,
2161 2533 2215 2591 1;
2242 2534 2324 2593 49,
2345 2535 2373 2583 ‘1
2394 2531 2501 2583 und

1480 2599 1813 2654 anderwirts.
1885 2597 2043 2651 Sonst
2078 2598 2404 2665 gewohnlich
2440 2602 2497 2649 in

1474 2669 1747 2735 plerisque
1770 2668 1943 2729 rebus,
1967 2665 2071 2718 und
2096 2666 2238 2719 diese
2258 2666 2496 2719 Bezeich-

1482 2734 2236 2868 sssslftij‘fffflttsszssffagtz‘
2260 2734 2343 2788 ‘¹³⁰
2361 2734 2498 2787 Μ’

1548 2872 1690 2923 idem
1712 2886 1918 2937 semper
1940 2870 2011 2921 ist
2033 2871 2125 2923 das
2158 2872 2383 2939 positive
2407 2870 2499 2923 Ge·

1482 2939 1675 3005 genteil
1697 2953 1801 2991 von
1824 2955 1934 2991 non
1952 2942 2065 2989 tum
2089 2940 2189 2991 Ιιοο
2212 2944 2325 2991 tum
2345 2938 2497 2990 illud.

1480 3006 1536 3060 In
1591 3007 1803 3061 solchen
1853 3005 2048 3059 kurzen
2094 3006 2498 3075 Behauptungen

1482 3074 1647 3193 pflegt
1692 3075 1784 3127 das
1828 3074 2051 3127 Verbum
2101 3074 2241 3127 nicht
2287 3080 2499 3142 gesetzt,

1482 3158 1575 3196 son
1615 3157 1705 3195 ern
1726 3143 1947 3209 gedacht
1970 3158 2033 3195 zu
2065 3143 2288 3196 werden.
2356 3142 2415 3195 N.
2441 3141 2497 3194 D.

1484 3210 1503 3260 I
1541 3213 1620 3276 18,
1642 3214 1730 3264 47:
1781 3227 1908 3261 nam
1956 3210 2109 3263 Cotta
2151 3226 2298 3263 meus
2344 3210 2497 3262 modo

1419 3277 1424 3283 ’
1482 3280 1583 3331 hoc
1615 3278 1771 3329 modo
1807 3279 1959 3331 illud.

1484 3363 1622 3467 wi?
1644 3346 2507 3482 ffssgffiffizzhgtfiz‘a'zfffissssssa

1482 3482 1536 3535 in
1571 3482 1848 3548 abstracto,
1884 3482 1931 3535 d.
1966 3484 2014 3535 h.
2052 3484 2345 3548 abgezogen
2376 3478 2501 3532 oder

1483 3550 1735 3618 losgelost
1780 3566 1883 3604 von
1932 3552 2021 3603 der
2073 3549 2362 3602 slehtbaren
2413 3548 2500 3600 Er-

1482 3618 1786 3699 scheinung:
1825 3618 1929 3685 vgl.
1966 3617 2075 3671 XIII
2110 3620 2175 3672 48
2214 3620 2391 3669 amici.

1550 3691 1743 3753 cuique
1770 3678 1959 3738 immer’
1976 3707 1988 3738 :
2007 3686 2112 3753 vgl.
2125 3690 2314 3753 optimi
2326 3688 2503 3737 euius-

1482 3770 1583 3819 que
1619 3756 1651 3820 ξ
1691 3757 1771 3807 14.

1557 3825 1631 3875 14.
1670 3825 1764 3888 qui
1798 3822 2008 3887 quidem
2041 3821 2131 3874 der
2146 3823 2230 3887 jn:
2267 3822 2506 3875 desselbe

1482 3888 1843 3957 begrundende
1879 3890 2109 3955 quidem,
2148 3890 2373 3945 welches
2415 3904 2502 3941 na·
