2850 4450
445 266 525 325 80
1137 263 1405 320 LAELIUS
1444 263 1526 317 DE
1559 262 1863 318 AMICITIA.

444 440 608 502 citias
651 438 893 502 defluxit
935 438 1140 500 oratio.
1230 437 1417 510 Quam
1464 437 1544 499 oh
1594 455 1721 499 rem
1768 437 1837 499 ad
1882 437 1979 500 illa
2029 438 2219 518 prima
2270 439 2589 506 redeamus

445 543 629 605 eaque
672 523 798 603 ipsa
841 522 1264 586 concludamus
1306 522 1642 602 aliquando.

614 608 840 670 XXVII.
899 609 1130 683 Virtus,
1173 609 1388 684 virtus,
1435 609 1706 689 inquam,
1752 606 1814 672 C.
1847 607 2039 671 Fanni
2082 618 2144 671 et
2184 619 2251 671 tu
2294 609 2367 682 Q.
2400 610 2585 686 Muci,

446 703 504 757 et
547 694 824 756 conciliat
864 693 1146 756 amicitias
1188 703 1247 755 et
1279 701 1609 756 conservat.
1695 692 1764 754 ln
1810 711 1879 754 ea
1908 702 2000 756 est
2028 694 2187 757 enim
2216 695 2584 759 convenien-

443 781 524 842 tia
576 797 808 853 rerum,
864 779 924 840 in
971 797 1039 846 ea
1081 779 1395 854 stabilitas,
1455 779 1516 840 in
1563 797 1633 840 ea
1685 779 2037 840 constantia.
2123 778 2289 851 Quae
2334 798 2470 842 cum
2512 801 2583 844 se

445 864 655 928 extulit
703 873 764 926 et
811 864 1071 926 ostendit
1118 882 1292 927 suum
1345 863 1547 926 lumen
1602 872 1662 925 et
1711 863 1865 925 idem
1918 864 2183 944 adspexit
2224 866 2584 946 agnovitque

447 951 506 1012 in
562 949 703 1026 alio,
756 949 825 1011 ad
873 949 931 1011 id
976 968 1041 1012 se
1091 949 1360 1012 admovet
1402 949 1774 1028 vicissimque
1818 947 2031 1030 accipit
2081 948 2259 1024 illud,
2312 952 2470 1031 quod
2514 952 2580 1014 in

443 1036 629 1098 altero
675 1043 782 1109 est,
827 1052 898 1096 ex
943 1053 1062 1114 quo
1108 1033 1436 1097 exardescit
1475 1035 1597 1098 sive
1628 1051 1795 1095 amor
1830 1033 1950 1098 sive
1993 1034 2264 1098 amicitia.
2339 1035 2582 1100 Utrum-

446 1139 563 1200 que
624 1120 784 1182 enim
847 1119 1090 1182 ductum
1155 1128 1245 1182 est
1305 1118 1376 1181 ab
1437 1119 1719 1195 amando;
1778 1136 1974 1181 amare
2031 1128 2226 1182 autem
2285 1120 2431 1184 nihil
2492 1132 2586 1184 est

445 1206 621 1278 aliud,
675 1206 788 1268 nisi
839 1222 973 1267 eum
1021 1205 1216 1285 ipsum
1260 1204 1523 1284 diligere,
1576 1222 1751 1284 quem
1799 1223 1977 1278 ames,
2031 1205 2191 1267 nulla
2233 1206 2581 1287 indigentia,

449 1291 606 1354 nulla
651 1290 900 1354 utilitate
943 1290 1234 1369 quaesita3
1281 1307 1432 1369 quae
1476 1298 1671 1353 tamen
1720 1289 1843 1370 ipsa
1890 1289 2215 1373 ecflorescit
2260 1309 2333 1354 ex
2375 1292 2582 1355 amici-

345 1388 429 1442 101
442 1377 540 1458 tia,
586 1375 813 1438 etiamsi
856 1384 921 1437 tu
967 1393 1095 1439 eam
1138 1376 1336 1437 minus
1379 1383 1619 1437 secutus
1662 1375 1760 1438 εἰς.
1851 1373 1974 1436 Hac
2018 1394 2127 1438 nos
2172 1375 2583 1440 adulescentes

445 1461 858 1524 benevolentia
907 1479 1082 1523 senes
1132 1459 1263 1522 illos
1313 1458 1378 1522 L.
1422 1460 1703 1534 Paulum,
1756 1458 1834 1521 M.
1880 1458 2191 1536 Catonem,
2240 1460 2303 1524 C.
2348 1461 2580 1538 Galum,

446 1548 511 1609 P.
535 1547 826 1621 Nasicam,
858 1545 948 1608 Ti.
972 1545 1326 1619 Gracchum,
1359 1545 1653 1627 Scipionis
1696 1544 1883 1608 nostri
1914 1540 2207 1620 socerum,
2238 1545 2581 1624 dileximus3

445 1632 590 1694 haec
633 1633 809 1694 etiam
851 1631 1037 1710 magis
1080 1631 1274 1693 elucet
1314 1631 1475 1695 inter
1516 1629 1808 1710 aequales,
1852 1639 1919 1693 ut
1952 1630 2111 1693 inter
2138 1649 2236 1694 me
2263 1640 2325 1694 et
2352 1633 2582 1714 Scipio-

446 1735 605 1791 nem,
650 1716 717 1779 L.
739 1716 1003 1791 Furium‚
1048 1716 1116 1778 P.
1138 1715 1459 1796 Rupilium,
1504 1715 1609 1796 Sp.
1634 1714 2003 1778 Mummium.
2074 1715 2341 1780 Vicissim
2381 1726 2581 1782 autem

445 1821 618 1864 senes
675 1803 734 1865 in
795 1801 1259 1868 adulescentium
1315 1801 1556 1863 caritate
1612 1800 2070 1880 acquiescimus,
2126 1812 2192 1863 ut
2246 1803 2308 1864 in
2366 1812 2580 1878 vestra,

445 1896 513 1949 ut
570 1888 631 1949 in
686 1887 758 1960 Q.
804 1886 1173 1961 Tuberonis3
1244 1885 1519 1966 equidem
1578 1885 1751 1948 etiam
1810 1886 2125 1949 admodum
2184 1886 2579 1953 adulescentis

445 1973 508 2034 P.
534 1973 735 2046 Rutili,
767 1972 1092 2052 A.Vergini
1120 1971 1511 2035 familiaritate
1542 1971 1819 2034 delector.
1880 1970 2292 2055 Quoniamque
2322 1973 2401 2034 ita
2430 1974 2579 2036 ratio

445 2067 783 2138 comparata
827 2066 918 2119 est
959 2059 1108 2119 vitae
1153 2068 1516 2136 naturaeque
1560 2065 1816 2130 nostrae,
1869 2065 1936 2117 ut
1980 2055 2088 2118 alia
2132 2067 2292 2120 aetas
2336 2058 2579 2135 oriatur,

513 2174 765 2239 defluxit:
804 2170 1005 2227 xx176
1040 2172 1322 2227 delabitur.
1563 2172 1829 2240 verfolgen
1878 2171 2002 2225 oder
2048 2171 2125 2224 als
2171 2173 2279 2225 Ziel
2326 2175 2393 2227 im
2430 2171 2580 2243 Auge

512 2243 588 2294 ad
629 2242 725 2294 illa
769 2244 975 2309 prima,
1030 2241 1341 2294 namentlicli
1394 2256 1458 2293 zu
1564 2242 1760 2294 haben:
1795 2238 1899 2308 vgl.
1936 2239 2145 2302 referre
2200 2241 2243 2293 X
2270 2245 2352 2296 32.

445 2310 562 2363 dem
588 2310 740 2364 Satze
773 2313 885 2361 nisi
905 2313 968 2362 in
991 2312 1143 2362 bonis
1165 2312 1461 2362 amicitiam
1635 2312 1750 2362 101.
1784 2324 1935 2362 eones
1967 2310 2111 2363 illos.
2230 2311 2317 2363 ber
2348 2310 2435 2364 die
2469 2310 2578 2365 drel

443 2396 553 2430 esee
583 2394 696 2430 mm
720 2395 880 2447 poue
913 2377 959 2428 V
986 2380 1077 2439 183
1113 2375 1266 2430 xvm
1289 2381 1371 2432 65.
1563 2383 1735 2430 ersten
1769 2393 1831 2430 zu
1871 2376 1933 2430 Vl
1959 2379 2041 2432 21.
2085 2376 2143 2431 P.
2168 2378 2432 2433 Cornelius
2469 2380 2580 2433 Sci-

510 2445 708 2500 xxvn.
742 2452 795 2498 et
811 2447 1071 2499 conciliat
1086 2453 1138 2498 ot
1156 2451 1459 2499 comeo-vat:
1563 2445 1651 2515 pio
1669 2445 1874 2510 Nasica,
1892 2444 2319 2513 Schwiegersohn
2340 2446 2431 2500 des
2450 2448 2578 2501 §lte-

446 2514 510 2567 vl
537 2518 602 2569 20
639 2520 694 2567 et
720 2517 911 2581 gignit
942 2519 996 2566 ot
1029 2518 1281 2567 eontinet.
1563 2529 1653 2566 ren
1672 2512 1960 2581 Africanus,
1989 2512 2186 2566 Konsul
2214 2517 2312 2568 162
2336 2514 2439 2569 und
2462 2519 2578 2582 155,

511 2586 878 2636 convenientia
896 2598 1104 2635 rarum:
1128 2583 1320 2650 vollige
1337 2580 1461 2635 llar-
1564 2581 1757 2634 Censor
1794 2584 1906 2635 159.
1963 2582 2030 2634 Er
2064 2581 2154 2633 hat
2187 2582 2285 2635 den
2322 2582 2577 2637 ehrenden

441 2652 628 2705 monie.
1548 2648 1841 2713 ‘Beinamen
1869 2648 2156 2704 Corculum.
2174 2648 2289 2707 Tib.
2304 2650 2576 2718 Gracchus,

508 2720 648 2771 idem
684 2719 907 2772 niimlich
939 2734 1096 2772 suum
1131 2718 1336 2785 lumen,
1382 2718 1463 2771 ihr
1564 2717 1655 2770 der
1679 2716 1835 2770 Vater
1869 2716 1969 2771 des‘
1995 2716 2231 2771 Tiberius
2266 2719 2368 2772 und
2407 2720 2577 2786 Gaius,

442 2786 1459 2921 {wffi¹i⁰¹²v⁶3..2.¹.2¹.¹.*11.5;“‘t².3:¹;?
1563 2784 2423 2921 522⁹2L.¹⁷s'‘'.1‚¹2¹.¹1‘3.,{‘33;.3⁶”33.¹
2450 2790 2577 2921 ,¹33

443 2938 633 2989 samer,
675 2923 809 2975 ohne
837 2921 1030 2988 jedoeh
1065 2921 1165 2974 den
1199 2920 1306 2973 Hau
1348 2926 1457 2974 tton
1564 2937 1685 2989 gem
1699 2922 1971 2973 Africanus
1988 2921 2147 2974 durch
2164 2921 2247 2975 die
2258 2921 2376 2975 Sem
2414 2925 2575 2977 tonia.

443 3007 505 3043 zu
521 2990 786 3075 'erhaltenz
824 2990 928 3059 vgl.
952 2988 1303 3071 nostrorum!
1373 2992 1454 3044 13.
1602 2992 1772 3073 ‘inter
1802 3006 1886 3041 me
1921 2988 2341 3072 οξβοίρίοησηι,
2427 2992 2575 3077 ,pn-

441 3059 847 3181 (1οέΡέἴὲἐὲἓέ
849 3064 1148 3181 effluam!
1156 3056 1459 3179 dd‘erpae'gffi
1554 3073 1733 3180 auggg}
1744 3056 2575 3181 Jssrffxffisszsalc‘aeaeiffitaggssrzgffi.

443 3197 724 3265 schiitzung
748 3197 1014 3263 (diligero)
1038 3194 1456 3248 hervorzuheben
1559 3196 1627 3247 69
1660 3192 1906 3247 erwiihnt.
1974 3206 1979 3213 ·

443 3265 545 3317 und
563 3264 643 3317 ihr
666 3280 730 3332 ge
769 3265 963 3318 enuber
980 3264 1062 3317 die
1082 3262 1459 3331 Bediirftigkeit
1626 3264 1903 3329 acquiesco
1938 3260 2075 3315 finde
2112 3261 2370 3330 Behagen.

439 3331 545 3384 und
574 3332 701 3390 ,den
798 3332 947 3387 orteil
1011 3332 1086 3385 als
1141 3331 1315 3385 Grund
1365 3330 1456 3384 der
1551 3336 1555 3341 ’
1626 3328 1686 3395 Q.
1716 3330 2035 3383 Tuberonis:
2070 3329 2245 3383 x137.

441 3400 811 3454 Freundschait
844 3416 910 3453 zu
946 3400 1239 3453 verneinen.
1627 3399 1682 3452 P.
1708 3398 1895 3451 Rutili.
1945 3398 2002 3453 P.
2029 3398 2250 3451 Rutilius
2273 3398 2448 3464 Rufus,
2484 3402 2570 3450 vir

510 3470 751 3534 quaesiui
788 3468 972 3535 gehort
994 3468 1248 3521 natdrlich
1271 3484 1368 3521 nur
1391 3483 1455 3520 zu
1556 3482 1669 3518 non
1690 3467 1892 3518 saecula·
1914 3469 2003 3517 sui
2029 3467 2126 3517 sed
2146 3471 2317 3520 omnis
2338 3469 2457 3518 aevi
2482 3481 2571 3533 op-

440 3537 703 3600 utile'tate,
749 3536 850 3589 wie
885 3535 948 3589 N.
984 3535 1042 3588 D.
1080 3536 1100 3588 l
1134 3540 1217 3601 44,
1258 3538 1353 3590 122
1400 3536 1453 3587 in
1558 3538 1724 3586 timus
1747 3533 1899 3599 (Veli.
1918 3533 1957 3587 11
1987 3536 2067 3600 13,
2086 3537 2153 3601 2),
2179 3550 2288 3588 war
2310 3535 2391 3588 ein
2412 3533 2573 3588 Schu-

441 3606 477 3657 Ιι
495 3607 782 3657 ominum
818 3607 1020 3656 ear-itas
1055 3609 1108 3655 et
1141 3606 1454 3657 amicitia
1557 3602 1633 3655 ler
1668 3602 1759 3655 des
1784 3601 2023 3656 Pontifex
2050 3600 2109 3665 0.
2130 3602 2330 3657 Mucius
2354 3602 2571 3656 Sc'fivola

422 3674 687 3738 gratuita
722 3677 802 3724 ost
835 3672 925 3725 der
959 3672 1138 3725 Genet.
1179 3674 1455 3725 homimem
1557 3671 1610 3722 in
1653 3671 1743 3723 der
1777 3669 2382 3738 Rechtsgelehrsamkeit.
2452 3671 2571 3723 Das-

443 3755 538 3793 nur
571 3756 636 3793 zu
671 3743 888 3793 caritas.
1540 3737 1703 3791 -selbe
1746 3738 1876 3791 vird
1920 3753 2021 3789 von
2066 3738 2181 3791 dem
2227 3745 2374 3792 sonet
2415 3740 2573 3792 unbe-

509 3811 534 3859 i
567 3825 628 3860 sa
670 3810 967 3872 ecflorescit
1018 3824 1119 3861 von
1167 3808 1331 3861 selbst
1377 3823 1455 3867 ‚et-
1560 3806 1787 3859 kannten
1823 3806 1883 3859 A.
1909 3805 2185 3871 Verginius
2222 3806 2516 3875 behauptet.

441 3874 530 3928 bld
569 3883 604 3929 t.
1629 3876 1741 3926 alia
1776 3879 1924 3926 aetas
1959 3874 2073 3925 eine
2108 3874 2309 3940 andere,
2346 3889 2449 3928 von
2485 3874 2574 3927 der

510 3947 661 4009 sequi
693 3944 904 4009 aliquid
948 3948 1110 3996 etwas
1156 3944 1233 3995 als
1270 3942 1459 3995 Zweck
1562 3943 1803 4009 unsrigen
1840 3940 2202 3995 verschiedene
2237 3942 2365 4007 Zeit,
2401 3943 2454 3995 in
2490 3943 2570 3995 die
