2850 4450
413 246 496 306 34
1123 247 1394 302 LAELIUS
1427 248 1515 302 DE
1546 247 1853 310 AMICITIA.

417 419 687 483 Orestem
731 438 796 482 se
840 438 970 482 esse
993 421 1451 500 perseveraret!
1496 421 1732 483 Stantes
1774 421 2138 501 plaudebant
2182 423 2241 483 in
2290 441 2356 484 re
2387 426 2556 498 ficta;

414 504 554 586 quid
598 503 952 567 arbitramur
995 506 1057 567 in
1101 523 1237 567 vera
1283 506 1545 568 facturos
1576 503 1802 568 fuisse?
1872 506 2069 569 Facile
2100 507 2398 570 indicabat
2429 510 2555 590 ipsa

411 599 624 652 natura
668 590 783 651 vim
827 608 1014 665 suam,
1059 608 1194 653 cum
1226 590 1521 663 hominm,
1568 591 1727 670 quod
1757 592 1952 654 facere
1981 592 2095 672 ipsi
2130 612 2255 656 non
2287 607 2551 673 possent,

314 697 340 724 ··
407 675 466 738 id
489 683 673 738 recte
717 676 844 737 fieri
889 675 950 736 in
997 675 1183 737 altero
1227 675 1579 738 iudicarent..
1661 675 1969 738 Hactenus
2022 678 2171 739 mihi
2226 678 2428 740 videor
2478 680 2551 744 de

260 2046 360 2136 ‘26

404 760 658 824 amicitia
703 759 850 840 quid
891 761 1176 823 sentirem
1222 760 1497 858 potuisse
1517 760 1734 822 dicere.
1804 761 1866 823 Si
1896 779 2048 842 quae
2077 772 2381 844 praeterea
2412 774 2554 827 sunt

403 845 608 922 (credo
652 855 847 908 autem
893 864 1024 908 esse
1065 845 1295 924 multa),
1341 845 1413 907 ab
1461 845 1550 921 iis,
1594 846 1644 908 si
1687 845 2001 956 videbitur,
2047 849 2150 928 qui
2194 849 2301 910 ista
2346 849 2546 931 dispu-

403 938 576 1005 tant,
597 930 947 1010 quaeritote.

571 1015 922 1078 Famulus.
994 1017 1114 1078 Nos
1157 1023 1351 1077 autem
1397 1033 1431 1076 a
1474 1024 1533 1076 te
1579 1015 1796 1113 potius.
1870 1016 2239 1099 Quamquam
2272 1019 2445 1080 etiam
2474 1018 2548 1081 ab

405 1101 568 1162 istis
577 1119 754 1181 saepe
798 1101 1058 1179 quaesivi
1102 1111 1161 1163 et
1204 1100 1397 1162 audivi
1442 1118 1566 1162 non
1611 1101 1830 1212 invitus
1873 1103 2175 1182 equidem;
2235 1103 2339 1166 sed
2390 1104 2548 1165 aliud

407 1185 702 1265 quoddam
747 1185 910 1248 filum
957 1185 1242 1248 orationis
1284 1195 1441 1247 tuae.

575 1271 972 1333 Scanvom.
1051 1271 1200 1333 Tum
1254 1270 1439 1350 magis
1484 1269 1545 1331 id
1586 1271 1832 1349 diceres,
1874 1271 2083 1347 Fanni,
2134 1273 2183 1336 si
2236 1291 2429 1353 nuper
2479 1273 2541 1334 in

401 1355 591 1418 hortis
636 1356 950 1436 Scipionis,
1000 1358 1138 1418 cum
1180 1366 1270 1418 est
1310 1355 1406 1416 de
1425 1373 1493 1417 re
1542 1355 1781 1435 publica
1829 1357 2223 1438 disputatum,
2256 1359 2538 1420 affuisses.

401 1439 608 1585 gualis
646 1451 773 1503 tum
817 1451 1108 1521 patronus
1150 1440 1404 1503 iustitiae
1446 1440 1559 1502 suit
1602 1451 1810 1503 contra
1838 1453 2171 1506 accuratam
2218 1444 2543 1526 orationem

403 1694 440 1759 d
477 1695 508 1757 f
573 1610 906 1673 humus.
966 1610 1161 1673 Facile
1205 1609 1262 1672 id
1295 1575 1531 1688 quidem
1576 1611 1690 1672 fuit
1733 1612 2011 1674 iustitiam
2053 1612 2375 1676 iustissimo
2419 1613 2543 1674 viro

443 1713 476 1757 e
503 1695 746 1764 endere.

459 1835 470 1845 .
571 1780 978 1858 Βαιιιγοιιι.
1040 1777 1196 1851 Quid
1224 1777 1586 1842 amicitiam?
1631 1800 1835 1843 nonne
1863 1781 2034 1842 facile
2064 1781 2141 1853 ei,
2171 1781 2272 1859 qui
2306 1779 2382 1841 ob
2413 1799 2542 1843 eam

397 1883 626 1931 summa
639 1866 804 2011 εἰιἰιιιι,
851 1864 1184 1928 constantia
1215 1863 1567 1945 iustitiaque
1609 1875 1895 1927 servatam
1938 1865 2248 1926 maximam
2293 1863 2537 1943 gloriam

402 1968 470 2011 ce
515 1951 629 2012 erit

472 1969 512 2038 P
573 2034 723 2096 v111.
786 2034 1124 2096 Latmus.
1185 2033 1315 2094 Vim
1345 2035 1460 2096 hoc
1490 1973 1727 2114 quidem
1758 2035 2103 2096 estafferre.
2179 2031 2332 2104 Quid
2378 2031 2536 2093 enim

399 2121 599 2196 refert,
645 2138 761 2199 qua
803 2138 900 2181 me
943 2119 1172 2181 ratione
1215 2115 1487 2200 cogatis?
1574 2118 1791 2198 Cogitis
1835 2128 2013 2180 certe.
2103 2117 2325 2181 Studiis
2368 2115 2529 2182 enim

501 2293 847 2353 εφαινον-πνοι.
895 2302 950 2339 er
994 2284 1200 2339 beharrt
1247 2286 1414 2351 dalmi,
1516 2288 1581 2336 ut
1609 2288 1796 2350 potero
1840 2287 1919 2349 (so
1966 2289 2058 2351 gut
2091 2284 2174 2336 ich
2210 2282 2369 2348 kann)
2406 2281 2534 2336 Cato

393 2372 463 2424 ,ge
504 2346 648 2409 tani
658 2355 741 2423 die
758 2355 1019 2410 Grofsmut
1042 2354 1133 2407 des
1156 2352 1414 2421 Ριοιιιιᾶεε
1516 2350 1583 2405 Μ.
1623 2351 1705 2409 ΙΙΙ
1722 2356 1768 2404 7.
1868 2402 1871 2407 .

399 2424 542 2481 nicht
575 2425 674 2477 ein.
1586 2422 1670 2475 25.
1704 2419 1819 2473 Nos
1849 2424 2058 2485 autem,
2107 2419 2329 2473 namlich
2382 2434 2540 2485 quae-

468 2479 710 2549 Stantesz'
755 2506 814 2546 eo
918 2492 999 2543 ots
1042 2504 1151 2547 war
1194 2490 1277 2543 die
1321 2489 1416 2543 Be-
1516 2504 1711 2547 remus.

396 2574 651 2747 ἷῖῗῗὲἔ.
665 2557 1416 2694 ιὲίῖωὲῗέἓῖῗῷωῗῗέῗέἱῑ
1518 2556 2056 2745 ..ωέἷῖἷῖἷξῇἴξέἕῖἕῖ
2062 2553 2540 2688 ιῑξῗῖἐὲἑἛῗέἔ

399 2714 456 2749 es
1522 2708 1585 2745 an
1624 2708 1731 2745 ere·

467 2757 827 2817 arbitramur‘
834 2777 943 2815 was
955 2761 1168 2813 wurden
1181 2762 1256 2813 sie
1275 2760 1418 2812 nicht
1586 2766 1762 2826 magis
1795 2760 1927 2813 noch
1962 2756 2428 2810 zuversichtlicher.

391 2830 508 2900 'ei-st
525 2831 609 2883 bei
633 2832 775 2883 einer
797 2831 1004 2883 wahren
1025 2827 1118 2897 (Be
1155 2828 1415 2893 ehenheit)
1579 2834 1847 2894 patronus
1879 2826 2101 2879 Anwalt.
2173 2823 2350 2877 Philus
2379 2824 2538 2876 hatte

429 2894 589 2952 ethan
626 2891 841 2954 haben?
913 2897 1080 2951 Dutch
1162 2896 1280 2949 erba
1323 2895 1414 2949 des
1516 2895 1822 2962 behauptet,
1865 2894 1954 2945 der
1990 2891 2137 2947 stant
2183 2892 2355 2945 konne
2404 2892 2539 2945 ohne

443 2960 675 3031 lambens,
711 2966 956 3029 MeinenS,
991 2956 1245 3017 Urteile'ns
1287 2963 1415 3015 wird
1517 2931 1973 3033 Ungerechtigkeit
2008 2960 2151 3012 nicht
2183 2961 2374 3027 regiert
2407 2974 2539 3012 wer-

399 3046 460 3089 so
485 3036 578 3089 mit
601 3035 742 3087 einer
763 3035 1020 3102 gewissen
1043 3031 1297 3105 Emphase
1331 3031 1414 3084 die
1518 3030 1632 3112 den.

401 3103 582 3168 Sache,
619 3103 696 3156 als
732 3118 796 3154 an
833 3102 940 3155 sich
977 3100 1105 3161 klar,
1141 3100 1255 3151 dem
1292 3100 1416 3152 sub·
1588 3098 1853 3149 iustitiam
1889 3124 1953 3133 -
1990 3093 2275 3155 defendere
2316 3095 2537 3164 Apposi-

392 3172 630 3237 :iektiven
661 3172 927 3224 Ermeesen
965 3138 1418 3234 anheimgegeben.
1516 3165 1627 3217 tion
1674 3179 1737 3217 zu
1785 3164 1867 3215 id.
1915 3162 1998 3215 die
2034 3162 2403 3231 Verteidignng
2447 3164 2538 3216 der

398 3242 748 3292 Arbitrantur
804 3239 887 3291 sur
942 3238 1289 3288 arbitramini
1349 3236 1418 3286 ist
1517 3230 1904 3300 Gereohtigkeit
1954 3231 2035 3284 fiir
2087 3232 2186 3285 den
2233 3230 2533 3283 Gerechten.

400 3307 754 3375 gemutlicher.
807 3306 923 3374 Vgl.
951 3320 1218 3359 censemus
1239 3301 1309 3356 lv
1335 3305 1416 3356 14.
1588 3299 1732 3365 Quid
1754 3302 2076 3353 amicitiam.
2116 3299 2335 3352 namlich
2356 3296 2537 3357 defen-

389 3422 398 3429 .
465 3378 491 3427 i
525 3392 586 3430 so
608 3380 813 3427 natura
833 3374 994 3428 sehon
1019 3371 1112 3435 das
1129 3369 1416 3425 natflrliche
1487 3400 1491 3405 ³
1518 3368 1657 3423 ἀοι-ο.
1726 3368 1825 3421 Der
1851 3366 2068 3434 Vos-trag
2103 3368 2194 3420 des
2216 3367 2385 3419 Lalius
2408 3365 2537 3417 iiber

398 3443 472 3497 Ge
499 3442 602 3497 uhl.
1519 3436 1601 3489 die
1636 3435 2003 3490 Freundechaft
2046 3436 2115 3487 ist
2149 3431 2535 3501 hauptsachlich

389 3536 406 3566 ·.
466 3516 610 3566 recte
641 3511 769 3575 fieri
799 3510 882 3563 fur
916 3509 1000 3561 die
1038 3507 1213 3562 rechte
1247 3498 1414 3560 Hand·
1519 3502 1702 3561 daraui
1733 3504 1999 3583 gerichtet3
2032 3503 2121 3555 sie
2141 3516 2302 3567 gegen
2327 3505 2534 3554 nnwfir-

400 3580 712 3647 lungsweise
747 3576 1102 3641 (verschieden
1135 3590 1238 3631 von
1273 3578 1415 3633 recte
1516 3571 1635 3638 (lige
1671 3573 1948 3626 Ansichten
1984 3572 2036 3623 in
2073 3568 2263 3621 Schutz
2306 3584 2368 3621 zu
2404 3569 2532 3621 neh-

395 3647 627 3731 factum)
658 3645 929 3701 erklirten.
1516 3655 1649 3693 men.

464 3720 515 3767 si
569 3712 857 3772 videbitur
896 3714 977 3765 fur
1027 3711 1120 3764 das
1171 3709 1416 3773 deutsche
1587 3706 1708 3759 vlu.
1733 3710 1815 3761 26.
1851 3706 2062 3779 qondam
2096 3704 2196 3757 vie
2221 3702 2362 3757 Suet.
2388 3704 2532 3760 Caes.

391 3776 576 3851 ‘wenn
610 3782 691 3841 ihr
723 3773 926 3845 meint',
978 3794 1160 3847 wegen
1202 3779 1417 3845 quaen-2·-
1514 3774 1758 3827 Lxxxn:
1797 3774 1906 3825 Ista
1941 3773 2152 3839 quidem
2191 3776 2271 3828 vis
2304 3776 2405 3831 ecc!

399 3844 523 3904 tota.
589 3848 690 3902 Das
715 3848 961 3902 Futurum
985 3847 1170 3905 beruht
1192 3848 1304 3897 also
1328 3844 1422 3897 auf
1588 3843 1792 3907 cogitis
1816 3840 2155 3907 emphatiech:
2191 3838 2533 3893 Entschieden

399 3918 692 3971 demselben
741 3917 987 3981 (ἔπειτα,
1040 3915 1141 3967 wie
1167 3913 1416 3965 Faciam
1519 3910 1757 3975 zwin'gt
1791 3910 1872 3961 ihr
1906 3908 2059 3961 mich.
